2610 4900
122 383 126 390 ·
203 331 278 446 398
417 323 420 330 ¹
471 287 474 300 Ι
515 340 799 466 ⁸catechismus
818 339 951 439 maior,

203 551 274 594 eam
291 495 441 592 lidiiciam
457 535 544 601 tanta
559 519 770 617 postulandi,
785 519 849 590 nisi
868 519 939 614 ipse
960 520 1041 594 baec
1054 522 1275 618 petendanobis:

199 619 235 683 in
250 606 411 682 mandatis
435 604 588 677 dedisset.
630 611 758 676 Verum
828 606 938 678 oniam
960 613 1051 678 Deus
1077 627 1140 690 est,
1169 623 1196 678 et
1213 609 1267 702 qui-

202 700 276 768 dem
298 685 522 788 onrhipotens,
558 717 634 762 eum
663 692 761 761 etiam
812 717 948 762 onorem
976 694 1043 763 sihi
1065 693 1218 776 vendicat,
1242 705 1269 762 ut

200 781 307 854 mrtlto
323 778 418 874 plura
434 799 471 845 ac
486 777 767 866 magnificentiora
782 775 960 870 largiatur,
993 800 1092 873 quam
1116 777 1268 871 ullusque·

133 879 136 886 '
201 887 235 938 at
247 883 355 936 mente
370 859 660 956 comprehendere,
682 861 782 930 veluti
797 863 871 930 fons
913 863 1043 932 erennis
1059 874 1090 932 et
1102 863 1268 944 indesinens,

202 952 275 1049 qui,
301 973 368 1042 quo
386 947 509 1038 largius
524 971 561 1016 ae
577 945 742 1042 copiosius
759 887 923 1017 mananelb
939 950 1102 1028 extrudat,
1133 947 1192 1018 hos
1207 947 1267 1016 libe·

126 1039 130 1048 ’
201 1039 307 1108 ralius
331 1048 433 1102 semet
457 1031 610 1100 effundit.
660 1037 730 1102 Noc
755 1034 934 1126 quidquam
955 1032 1136 1127 impensius
1159 1057 1178 1102 a
1200 1031 1269 1101 nobis

199 1122 337 1214 flagitat,
353 1133 450 1218 quarn
460 1131 497 1185 ut
511 1115 615 1185 multa
630 1133 662 1184 et
678 1138 798 1207 magua
812 1121 853 1186 ab
872 1143 911 1188 eo
928 1117 1152 1217 postulemus3
1174 1134 1202 1186 et
1215 1143 1269 1184 rou

95 1253 103 1262 ·
202 1227 253 1278 tra
269 1203 363 1274 nobis
379 1202 526 1270 infensus
540 1218 599 1284 est,
622 1201 867 1274 nibilaudaeter
880 1219 1125 1272 eteontmenter
1140 1203 1259 1270 asuahe

200 1293 360 1384 nignitate
374 1286 561 1381 petentibus
576 1302 609 1354 et
618 1285 872 1378 postulantibus:
899 1293 985 1356 Nam
1002 1288 1104 1356 veluti
1123 1314 1194 1356 cum
1213 1313 1260 1379 opt

139 1413 144 1434 ι
200 1375 400 1464 lentissimus
417 1388 447 1440 et
463 1371 710 1465 potentissimus
731 1373 853 1440 Caesar
873 1372 969 1441 alicui
984 1374 1141 1443 mendico
1154 1397 1218 1444 eam
1232 1396 1261 1437 o·

200 1467 368 1538 tionemet
391 1456 543 1550 precandi
568 1455 750 1526 libertatem
766 1457 920 1540 offerret,
939 1474 986 1526 ut.
999 1459 1212 1552 quodcunque
1224 1459 1245 1546 ej
1254 1488 1270 1515 u

198 1550 298 1619 ferret
312 1543 458 1622 animus,
481 1565 500 1609 a
518 1565 551 1609 se
567 1556 694 1635 optaret
708 1555 739 1610 et
750 1558 882 1636 peteret,
905 1566 938 1610 se
958 1559 1111 1634 paratum
1126 1567 1202 1622 esse,
1220 1567 1275 1610 mu·

199 1658 276 1703 nera
292 1630 387 1726 plane
403 1625 493 1717 regia
510 1641 542 1695 et
557 1627 727 1718 magnilica
744 1625 859 1718 largiri
881 1627 1022 1719 petenti,
1051 1627 1111 1698 ille
1134 1653 1207 1696 vero
1226 1645 1289 1694 stu,

178 1743 181 1750 ·
198 1721 288 1788 lidus
304 1739 370 1783 non
384 1710 457 1806 plus
472 1709 603 1780 sordido
620 1710 803 1805 postularet
815 1711 971 1793 sorbitio,
994 1710 1114 1781 merito
1128 1709 1233 1807 utique
1245 1710 1273 1777 il·

120 1867 123 1872 ,
199 1805 306 1898 lepre
323 1798 481 1868 scelerato
496 1794 658 1864 nebulone
674 1811 705 1864 et
721 1796 853 1864 bomine
868 1819 1009 1889 nequem
1024 1795 1216 1880 haberetur,
1253 1795 1273 1862 ui

202 1893 380 1958 Caesareae
397 1879 575 1971 majestatis
593 1881 782 1949 mandatum
798 1875 943 1948 ludibrio
958 1880 1104 1965 baberet,
1129 1823 1290 1983 nonnuli-¹

82 1963 85 1970 ¹
199 1997 282 2064 gnus
302 1983 385 2039 esset
400 1964 561 2059 amplius,
576 1965 638 2058 qui
657 1965 692 2034 in
711 1982 919 2058 conspectum
939 1967 1090 2035 Caesaris
1111 1971 1275 2038 admittere-

22 2102 29 2142 ;
124 2087 132 2094 ·
181 2076 271 2128 tur:
296 2054 341 2122 ita
354 2073 483 2153 quoque
498 2054 571 2118 Deo
588 2065 727 2118 extreme
741 2049 1009 2120 contumeliosum
1027 2069 1087 2134 est,
1109 2068 1200 2122 tanta
1216 2069 1275 2122 un-

108 2201 114 2210 .
183 2167 263 2236 ·que
279 2135 465 2207 ineffabilia
487 2135 573 2234 buona
592 2135 688 2203 nobis
708 2135 862 2226 offerenti
887 2153 918 2204 et
933 2134 1150 2232 pollicitanti,
1181 2137 1208 2207 si
1226 2141 1275 2228 ejus

117 2231 121 2240 '
197 2225 422 2296 inexhaustam
440 2219 673 2308 benignitatem
689 2235 951 2302 contemnamus,
972 2237 1029 2292 aut
1041 2247 1101 2292 uos
1121 2240 1275 2294 oertocon·

198 2325 367 2407 secuturos
388 2331 455 2406 non
476 2326 662 2398 speremus,
679 2397 682 2404 ι
701 2312 739 2376 ‘ae
754 2331 817 2398 pro
840 2305 947 2393 frusto
971 2305 1069 2400 panis
1093 2306 1276 2406 impetrando

194 2419 322 2494 precari
337 2409 581 2488 sustineamus..
1021 2419 1023 2426 ⁴
1121 2450 1128 2466 ,

280 2483 408 2548 Verum
426 2499 514 2545 emm
529 2499 607 2544 vero
625 2469 731 2543 omnis
747 2472 827 2545 baec
840 2474 934 2570 eulpa
946 2475 1067 2582 impiae
1084 2473 1276 2548 incredulita-
1292 2435 1294 2586 l

197 2570 223 2638 ti
245 2582 377 2646 novrae
397 2559 591 2662 assignanda
603 2575 673 2640 est,
693 2585 760 2628 non
779 2575 907 2630 tantum
927 2562 1294 2633 bonitatisdeDeosi-1

102 2711 108 2732 ,
196 2646 501 2744 bimetpollicents,
530 2659 569 2711 ut
590 2646 735 2713 crederet
750 2655 939 2716 ventrenra
960 2653 1034 2716 Deo
1058 2649 1219 2719 nutritum
1236 2646 1276 2726 iri,

197 2736 334 2831 omitto,
356 2745 394 2799 ut
407 2727 538 2798 indubie
553 2745 715 2822 speraret,
740 2729 920 2824 aliquando
944 2732 1108 2824 ejusmbdi
1130 2733 1216 2804 hona
1230 2733 1277 2801 iu-

195 2817 348 2890 mortaba
372 2837 405 2885 se
420 2831 680 2885 consecuturum.
723 2819 855 2902 ¹Quam
877 2833 991 2886 contra
1015 2841 1077 2886 nos
1100 2819 1277 2896 muniamus,

104 2985 106 2996 1
195 2907 324 3008 hocque
339 2899 490 2996 inprimis
505 2915 673 3054 petamus,
696 2913 795 2992 atque
810 2899 859 2969 ita
875 2903 1007 2970 demum
1021 2901 1154 2996 reliqua
1168 2927 1277 2999 quoque

184 3015 308 3076 ⁴omina
322 2985 450 3056 abunde
467 2983 507 3051 ba
533 2981 787 3082 ebrmuaneluti
802 2984 952 3057 Christus
964 2987 1035 3080 ipse
1043 2987 1160 3058 docet:
1184 2995 1277 3077 Quae·

189 3074 417 3172 'rite‘primuin
430 3092 570 3160 regnum
582 3074 664 3150 Der,
686 3085 719 3138 et
738 3085 864 3140 caetera
881 3071 993 3141 omnia
1015 3072 1214 3164 adjicientur
1232 3097 1277 3141 so

157 3176 162 3181 “
193 3161 257 3233 bis.
302 3155 482 3246 Quomodo
499 3153 584 3222 enirn
602 3167 767 3247 pateretur
780 3179 893 3230 rerum
915 3157 1151 3252 temporalium
1167 3182 1278 3229 nesur-

196 3241 419 3336 gerivinopia,
438 3265 510 3308 cunr
536 3255 669 3307 aeterna
697 3254 729 3307 et
751 3239 1012 3314 coelestia-hena
1033 3267 1072 3315 se·
1091 3244 1190 3314 nobis
1211 3257 1277 3314 certo

161 3394 165 3403 .
195 3335 349 3401 daturum
368 3339 539 3428 persancte
553 3324 732 3416 receperit?
1012 3347 1015 3355 ¹

551 3499 723 3580 raama
743 3479 940 3601 serino.
1051 3495 1066 3526 ·’

294 3652 375 3726 Fiat
389 3649 559 3728 voluntas
581 3625 663 3746 tua,
676 3649 1003 3754 quemadmodum
1024 3655 1218 3750 infeoelo,
1237 3654 1277 3727 510

153 3759 304 3874 ¹etiam
322 3760 358 3830 in
374 3773 483 3831 terra.
551 3775 555 3794 *
670 3770 683 3800 ο
813 3771 816 3780 ·
1095 3763 1110 3782 ,,

256 3975 260 3986 ,
278 3927 441 3994 Hactenus
466 3919 734 4010 ut'nomen-ejus
751 3916 890 3989 anobis
903 3921 1126 4008 ¹sanctificetur
1147 3937 1180 3992 et
1201 3917 1274 3992 cola-

193 4025 267 4090 tur,
290 4027 359 4079 tum
376 4024 559 4103 praeterea,
581 4020 618 4072 ut
635 4006 704 4095 ejus
721 4029 858 4094 regnum
880 4004 966 4074 inter
983 4031 1044 4074 nos
1065 4011 1191 4100 rigeat,
1210 4029 1273 4100 pre-

194 4095 256 4168 cati
270 4117 399 4162 sumus:
447 4091 543 4160 uibus
560 4087 689 4160 duobus
705 4087 800 4181 plene
817 4089 1087 4184 comprehensum
1102 4111 1166 4182 est,
1189 4089 1271 4188 quid-

195 4179 274 4278 quid
293 4179 334 4247 ad
351 4176 415 4246 Dei
423 4115 592 4246 bonorem
608 4188 639 4242 et
652 4190 798 4244 nostram
820 4173 959 4244 salutem
977 4168 1132 4269 pertinet,
1161 4194 1196 4262 ut
1214 4181 1271 4242 De·

194 4287 252 4334 um
270 4286 355 4336 eum
379 4260 531 4336 omnibus
554 4256 623 4331 suis
654 4255 776 4332 divitiis
803 4258 1011 4358 peculiariter
1042 4281 1269 4358 consequamur.
