2548 4906
390 313 650 411 carcassona.
999 311 1068 384 255

13 495 21 566 l
36 493 237 574 credendum.¹
256 495 324 575 Sed
339 494 393 566 hie
408 495 594 592 jubentnos
606 491 705 566 etlam
714 505 843 587 'reptem
852 494 1069 564 ‘Sacramenta
1159 503 1164 516 '

12 603 154 664 rmerarc,
193 583 265 648 Nos
280 579 436 658 sentimus
451 577 682 677 praestandum
707 599 799 676 esse,
828 601 870 648 ne
895 577 1068 670 negligan-

12 679 152 734 ureret
173 664 375 735 ceremoniae
396 663 430 736 in
452 663 622 756 scripturis
644 677 827 744 rotamur,
859 677 1068 760 quotcunque
1113 749 1115 754 ,

12 765 60 816 tnt.
99 753 167 818 Ner
179 749 323 821 multum
338 748 458 820 referre
474 763 646 842 putamus,
673 746 801 816 etiamsi
819 747 958 820 docendi
972 770 1071 817 causa
1113 808 1116 816 ,

11 831 34 900 ii
50 850 215 903 numerant
229 833 347 916 aliter,
371 833 400 905 si
414 839 522 911 tamon
538 849 623 902 recte
639 847 833 904 conservent
847 858 899 902 res
912 834 947 904 in
960 829 1070 930 ‘temp-

12 943 51 992 ra
65 917 207 989 traditas.
248 925 316 993 Nec
328 935 453 989 veteres
466 918 579 990 eodem
595 917 695 990 modo
713 935 975 996 numeraverunt.

63 1002 100 1076 Si
112 1007 320 1077 Sacramenta
345 1027 500 1074 vocamus
523 1002 625 1086 ritus,
654 1001 712 1100 qui
733 999 858 1080 haben
879 1005 1071 1074 mandatum

12 1084 60 1169 ei,
81 1087 240 1182 atquibus
254 1088 366 1159 addita
379 1104 429 1158 cst
442 1086 618 1182 promissio
631 1085 772 1178 gratiae,
800 1086 895 1158 facile
911 1104 960 1158 est
977 1088 1071 1178 judi.
1091 1123 1099 1135 κ·

10 1197 67 1254 tre,
95 1197 175 1273 quae
190 1171 255 1244 sint
268 1173 402 1268 proprie
418 1175 638 1246 Sacramenta.
681 1177 769 1245 Nam
795 1171 881 1242 ritus
901 1173 945 1244 al)
960 1172 1071 1246 homi-

10 1257 73 1326 'dms
98 1256 236 1336 instituti
262 1274 448 1348 nonerunt
476 1253 540 1355 hoc
562 1258 663 1338 modo
684 1255 817 1351 proprie
843 1258 1074 1340 distulissem·
1148 1307 1164 1350 ‚¹

10 1357 94 1419 teuta.
121 1349 199 1422 Non
212 1360 261 1414 est
276 1343 365 1412 'enim
375 1341 580 1421 auctoritatis
592 1342 769 1424 humanae,
790 1342 982 1434 promittere
993 1369 1073 1434 gra-

9 1451 68 1496 am.
110 1433 223 1518 Quare
238 1427 331 1520 signa
354 1428 426 1498 sine
441 1426 598 1499 mandato
614 1427 679 1499 Dei
698 1425 870 1514 instituta,
900 1451 969 1498 non
995 1446 1075 1498 sunt

9 1530 62 1582 uta
77 1511 167 1606 signa
183 1513 325 1603 gratiae,
358 1511 487 1583 etiamsi
500 1512 644 1584 sortasse
661 1511 758 1585 rudes
769 1513 907 1599 docem,
940 1531 997 1588 aut
1011 1513 1073 1584 adv·

9 1615 111 1668 :onsnt
127 1597 264 1691 aliquid.
307 1605 395 1668 Vere
413 1597 516 1685 igitur
541 1613 618 1670 sunt
641 1601 852 1670 Sacramenta
873 1598 1074 1693 Baptismus,

12 1706 93 1752 oona
105 1681 261 1764 Domini,
291 1683 487 1764 Absolutis,
518 1699 666 1776 quaeest
683 1687 928 1756 Sacramentum
955 1683 1073 1777 poeni-

8 1765 109 1859 tntiae.
133 1771 235 1847 'Nam
250 1767 286 1838 hi
301 1769 384 1840 ritus
405 1766 526 1848 habent
547 1767 737 1840 mandatum
761 1769 844 1850 Dei,
874 1785 907 1838 et
930 1767 1074 1864 promis·-
1165 1793 1167 1802 ’

10 1877 104 1924 onem
156 1852 260 1937 atiae,
289 1869 443 1947 quaeest
464 1852 599 1948 propria
620 1852 698 1923 novi
721 1854 931 1924 Testamenti.
954 1855 1077 1928 ‘Certo

8 1935 69 2007 rim
84 1937 105 2009 d
163 1949 201 2008 m
213 1954 356 2015 statuere
373 1939 489 2022 eorda,
506 1963 595 2013 ‚enm
616 1937 844 2031 baptizamur,
871 1963 954 2011 cnm·
970 1943 1097 2008 vesei-v
1185 1952 1189 1962 ’

12 2023 206 2119 ιιθοοτρονο
219 2022 377 2107 Domini,
398 2049 479 2094 cum
503 2021 723 2106 absolvimur,
778 2024 842 2091 uod
863 2049 939 2094 vera
963 2024 1077 2114 ignos-

7 2125 27 2180 tl
40 2107 136 2182 nohis
150 2113 241 2178 Deus
256 2125 392 2203 propter
406 2107 586 2179 Christum.
602 2166 606 2174 .
630 2112 675 2180 Et
689 2047 788 2178 corda
810 2108 907 2182 simul
929 2135 987 2203 per
1001 2134 1079 2180 rer·
1142 2128 1146 2134 ’

7 2220 59 2262 rm
72 2209 104 2261 et
119 2193 219 2264 ritum
233 2209 344 2264 movet
358 2198 466 2276 Deus,
499 2210 538 2264 ut
552 2193 695 2276 credant,
723 2209 756 2264 ot
768 2188 1077 2286 concipiantlidem,

7 2294 64 2348 cut
80 2277 126 2348 ait
140 2277 281 2350 Paulus:
310 2279 409 2354 Fides
424 2305 463 2346 ox
479 2277 595 2349 auditu
609 2293 669 2348 est.
712 2277 806 2348 Sicut
821 2295 929 2348 antem
942 2281 1079 2348 verbum

6 2361 120 2438 tcurrit
131 2364 165 2436 iu
181 2388 294 2446 aures,
326 2380 362 2438 ut
377 2363 601 2438 seriatcorda:
632 2362 679 2437 ita
695 2360 780 2433 ritus
802 2362 871 2456 ipse
894 2362 1031 2460 incurrit
1045 2365 1080 2440 in

6 2445 115 2532 sulus,
138 2465 181 2530 ut
189 2465 320 2528 moveat
335 2447 443 2522 corda.
487 2449 578 2518 Idem
598 2447 735 2524 effectus
754 2464 803 2516 est
820 2448 910 2518 verbr
934 2465 972 2518 et·
985 2449 1087 2534 ntus,
1149 2527 1150 2530 Ἴ

6 2549 63 2604 sut
80 2533 241 2623 praeclare
257 2532 442 2611 dictumest
458 2533 500 2603 ah
516 2535 720 2621 Augustino,
750 2537 995 2605 Sacramentum
1012 2559 1082 2604 esse

6 2619 116 2700 trhurn
137 2617 286 2702 risibile,
317 2617 396 2713 quia
424 2618 507 2702 ritus
528 2617 634 2688 omlis
655 2621 721 2688 acci
748 2617 833 2702 itur,
862 2635 895 2690 et
917 2634 968 2688 est
988 2621 1083 2718 qnasi

6 2705 106 2778 lctura
135 2704 248 2786 verbi,
280 2705 366 2788 idem
397 2703 606 2796 significans,
631 2642 745 2800 ‚quod
763 2707 912 2778 verbum.
968 2709 1084 2796 Quare

6 2813 70 2865 ¹em
83 2807 132 2860 est
145 2791 319 2883 utriusque
334 2789 480 2862 ellectus.

67 2875 287 2949 Confirmatio
303 2891 338 2944 et
356 2891 498 2944 cumema
514 2874 626 2946 unctio
649 2887 725 2946 stunt
735 2873 819 2947 ritus
834 2879 957 2972 recepti
980 2881 1093 2963 aPa-=

6 2959 107 3040 ¹ihus,
135 2970 223 3051 'quos
250 2986 292 3034 nc
313 2958 458 3030 Ecclesia
484 2957 616 3112 guidem
638 2975 695 3028 tan
743 2984 796 3032 am
818 2965 1015 3034 necessarios
1040 2967 1083 3037 at

6 3045 124 3115 alutem
139 3041 290 3134 requirit,
337 3039 472 3114 uianon
510 3043 697 3122 abent-man
724 3047 814 3114 alum
828 3045 902 3113 Dei.
924 3049 1110 3143 Propter„‘

6 3157 29 3200 ι-
42 3153 112 3220 non
136 3143 185 3196 est
199 3126 313 3200 inutile
355 3153 391 3195 os
408 3127 492 3198 ritus
517 3128 697 3200 discerncre
718 3151 740 3196 a
754 3129 1002 3224 superioribus,
1025 3133 1084 3228 qui

6 3216 104 3314 abent
119 3236 310 3311 expressum
322 3214 511 3288 mandatum
529 3212 615 3300 Dei,
644 3229 676 3286 et
689 3211 810 3286 claram
831 3216 1084 3312 promissionem

6 3316 116 3371 *atrae
1071 3313 1074 3320 '

64 3381 295 3466 Sacerdotium
320 3375 510 3472 intelligunt
538 3379 718 3456 adversarii
745 3409 813 3458 uon
844 3386 885 3456 de
905 3385 1085 3460 ministerio

6 3471 73 3540 erhi
90 3487 125 3540 ct
138 3483 416 3567 sacramentorum
429 3465 506 3539 aliis
519 3468 802 3560 porrigendorum,
820 3473 882 3546 sed
895 3471 1087 3563 intelligunt

6 3553 231 3637 macrinus,
285 3575 358 3622 uasr
380 3568 533 3645 oporteat
554 3579 624 3626 esso
650 3553 686 3624 in
701 3579 787 3626 novo
803 3561 1087 3642 TestamentoSa·
1160 3615 1163 3631 ,

6 3639 168 3710 ιτόοιίυυι
190 3577 301 3736 simile
317 3635 607 3734 lteritico,.'quod
636 3663 703 3731 pro
729 3640 854 3732 poulo
881 3641 1038 3718 sacrificet
1056 3661 1089 3718 et
1139 3679 1141 3686 ¹

6 3739 153 3800 creatur
170 3721 244 3804 altis
258 3745 486 3793 remissionem
500 3740 717 3818 peccatorum.
792 3751 829 3796 os
844 3726 1011 3813 docemus,
1031 3751 1088 3804 aa·

6 3807 147 3905 ilicium
162 3805 287 3884 Christi
304 3805 474 3906 morientis
489 3808 525 3890 in
539 3833 653 3890 cruce,
683 3808 763 3881 satis
776 3809 877 3882 luisse
894 3837 955 3910 pro
972 3837 1087 3922 percae·
1168 3897 1171 3904 ,

6 3907 157 3962 stotrus
184 3891 319 3984 muudi,
357 3917 416 3962 nee
442 3893 590 3985 indigere
616 3909 784 3988 practerea
808 3893 881 3969 aliis
903 3899 1088 3981 sacrificiis,

6 3975 79 4058 nasi
94 3975 188 4048 illud
202 4001 271 4048 non
284 3977 362 4058 satis
378 3975 479 4050 luerit
492 4005 555 4073 pro
573 3978 856 4072 peccatisnostris.
899 3982 976 4055 ldeo
987 3984 1088 4078 ¹justi-

6 4058 307 4146 mnturhomines,
321 4069 399 4130 'non
421 4080 556 4166 propter
576 4063 646 4132 ulla
668 4063 798 4158 reliqua
820 4066 1004 4152 sacrificia,
1032 4071 1090 4140 sed

6 4163 121 4246 optet
136 4144 220 4217 'illud
237 4171 340 4216 unum
354 4143 481 4220 Christi
501 4147 713 4231 sacrificium,
743 4149 771 4220 si
784 4151 932 4234 credant,
962 4151 1019 4224 illo
1035 4178 1091 4222 sa-

6 4235 107 4308 ificro
135 4226 358 4308 statuentes
387 4255 467 4310 esse.
508 4235 588 4310 Ideo
612 4236 795 4324 sacerdotes
815 4253 990 4324 lucrantur,
1020 4265 1116 4310 non1
1147 4239 1150 4250 “

351 4371 360 4378 ,,
818 4392 822 4404 ¹
888 4363 907 4412 ,
