2548 4906
118 391 154 436 ,ι
229 325 302 444 ebe¹
419 300 438 314 ι’
459 361 473 446 '.
623 328 868 446 ,Apologia

159 597 165 604 ,
230 547 314 594 mae.
355 497 406 590 lia
420 491 804 624 sapientiae'aejustitiae
828 515 956 611 species
973 515 1009 584 in
1024 515 1149 586 talibus
1167 513 1239 610 operi

230 607 353 703 decipit
372 605 531 674 hommes.
574 607 619 671 Et
633 599 790 672 accedunt
815 600 968 696 exempla
992 605 1193 683 Sanctorum,
1218 627 1239 691 qr

176 753 179 763 .
231 694 311 763 dum
327 691 459 762 student
472 686 596 787 imitari
610 685 775 769 homines,
801 686 971 756 imitantur
985 686 1175 782 plerumque
1185 703 1239 754 ertu

169 825 172 838 .
232 777 399 868 exercitia,
429 772 789 843 non'nnitanturfidem
808 797 931 842 eorum.

213 906 217 914 -
243 885 266 912 ··
314 866 494 952 Postquam
509 857 625 926 fefellit
637 856 786 928 bonrines
800 856 878 926 haee
891 853 1013 952 species
1026 853 1193 948 sapientiae
1206 855 1239 942 aej

232 946 354 1030 stiriae,
384 943 501 1014 deinde
519 959 701 1038 sequuntur
729 941 855 1011 infinita
882 941 1107 1023 incommoda,
1127 941 1239 1028 ⁸obscura

231 1027 499 1185 p'vangeliumtle
512 1025 638 1119 justitia
654 1026 730 1110 fidei
752 1026 786 1094 in
806 1026 998 1110 Christum,
1025 1040 1057 1093 et
1080 1025 1239 1096 succedite

130 1179 133 1207 ,
223 1183 226 1192 ,
257 1119 351 1186 ducia
369 1115 483 1186 talium
500 1137 645 1206 operum.
687 1111 816 1181 Deinde
832 1113 1049 1182 obscurantur
1061 1113 1239 1204 praeceptall

231 1201 313 1273 ba'ec
327 1223 426 1295 opera
440 1211 593 1289 arrogant
612 1195 676 1272 sibi
699 1197 829 1267 titulum
853 1195 1013 1293 perfectae
1035 1212 1067 1264 et
1082 1193 1239 1288 spiritualis*

232 1303 302 1371 tae,
331 1303 365 1356 et
379 1285 476 1376 longe
489 1283 716 1379 praeferuntur
739 1282 894 1375 operibus
916 1295 1166 1380 praeceptorum
1177 1277 1233 1354 Dei,

232 1357 386 1468 operibus
416 1374 494 1450 suae
522 1369 680 1464 cujusque
709 1365 906 1458 vocationis,
936 1365 1203 1436 administrationi
1226 1367 1239 1430 l

180 1461 184 1468 ’
231 1457 409 1551 publicae,
437 1452 712 1531 administrationi
751 1451 993 1544 oeconomiae,
1022 1450 1110 1520 vitae
1146 1447 1239 1539 conjugl

175 1571 191 1631 ¹(
231 1539 417 1612 educationi
429 1537 616 1608 liberorum.
661 1543 748 1606 llaec
768 1564 847 1632 prae
870 1535 1154 1606 illiseeremoniis
1176 1535 1239 1628 julio

232 1643 287 1697 tur
315 1645 393 1720 e'sse¹
414 1623 551 1722 prolana
565 1674 581 1723 ,p
609 1622 654 1689 ita
675 1639 711 1690 ut
734 1649 807 1691 cum
832 1623 975 1716 quadam
1007 1616 1239 1702 ‚dubitationes

230 1711 383 1785 scientiae
427 1731 446 1776 o
486 1706 598 1775 mulos
643 1723 884 1776 exerceantun¹
929 1697 1068 1778 Constet
1111 1707 1191 1775 enirn
1219 1727 1239 1768 ru

175 1804 181 1822 ‘
233 1813 284 1866 tos
322 1797 449 1863 deserta
475 1791 754 1868 administratione
782 1792 1012 1888 Reipublicae,
1052 1790 1182 1860 deserto
1201 1787 1239 1864 cori

233 1880 307 1970 gio,
342 1877 419 1946 illas
449 1876 689 1947 observationes
715 1877 884 1972 amplexos
914 1901 982 1946 esse
1016 1891 1174 1968 tanquam
1199 1866 1239 1940 nel

122 1963 131 1984 ⁶
170 2006 173 2013 -
232 1987 284 2038 res
301 1979 333 2032 et
346 1965 536 2032 sanctiores.
557 2013 559 2024 .
579 1968 630 2030 Ne
656 1987 697 2030 ue
713 1961 775 2032 boc
796 1964 876 2030 satis
889 1977 956 2040 est3
984 1961 1042 2030 ubi
1066 1959 1239 2054 oecr'rpavito

232 2071 304 2118 mos
331 2048 524 2142 persuasio,
558 1987 654 2150 quod
678 2045 757 2116 tales
776 2045 1025 2122 observationes
1057 2047 1101 2114 ed
1123 2045 1239 2138 justified

232 2153 308 2204 nem
330 2131 532 2222 necessariae
553 2148 635 2216 sint,
665 2131 785 2202 misere
807 2147 964 2206 vexantur
989 2109 1239 2224 conscientiae,tl

231 2242 299 2286 non
326 2233 463 2312 possunt
489 2241 602 2288 omnes
631 2217 876 2286 observationes·
896 2233 1003 2286 exacte
1023 2232 1193 2308 praestare.
1220 2217 1239 2277 ll

231 2301 492 2404 quotrisquisque
506 2323 679 2372 numerare
693 2326 805 2372 ornnes
819 2300 946 2395 potuit?
975 2317 1085 2369 extant
1110 2287 1239 2391 immensil

230 2387 301 2470 bri,
330 2386 398 2457 imo
421 2385 637 2458 brbliothecae
658 2403 764 2468 totae,
792 2386 918 2458 nullam
939 2385 1162 2479 syllabamxde
1179 2369 1239 2452 Chul

230 2473 350 2542 ‹te—fide
363 2473 399 2540 in
413 2473 600 2555 Christum,
629 2472 780 2542 debonis
796 2472 948 2566 operibus
960 2487 1038 2540 suae
1052 2473 1203 2574 cujusque
1214 2483 1238 2532 ro

36 2581 38 2590 ’
127 2619 129 2630 .
230 2557 329 2626 tionis
344 2558 579 2638 *continentes,=
608 2557 666 2624 sed
683 2573 818 2628 tanturn
840 2557 1028 2711 collipentes
1054 2553 1238 2628 traditiones.l

198 2659 203 2666 '
229 2640 348 2710 barum
362 2640 659 2734 interpretationes,
690 2642 811 2738 quibus
826 2645 910 2710 inter
931 2667 988 2710 um
1002 2643 1238 2714 exacerbantem

202 2737 205 2748 “
230 2723 573 2796 terdumrelarantur.
617 2727 868 2812 Quomodo‘tor
891 2741 986 2798 uetur
1009 2726 1061 2794 vir
1074 2721 1238 2822 optimust

194 2899 200 2906 Ι
230 2829 318 2894 son,t
336 2813 414 2879 dum
432 2803 558 2905 quaelit
570 2813 691 2908 gradus
711 2822 746 2880 'et
764 2809 948 2882 latirudmes
971 2813 1238 2907 praeceptorum!

229 2913 339 2965 tamen
355 2911 463 2990 potest
478 2907 673 2964 'constituere
694 2899 864 2966 ἐπιείκειαν
892 2897 928 2964 in
942 2897 1168 2998 gradu‘certm
1191 2893 1238 2960 lull

154 3029 159 3037 -
229 2980 370 3070 graviter
384 2981 535 3075 deplorat
547 2980 689 3073 pericula
703 2981 833 3085 piarum
849 2981 1139 3066 conserendarum,
1161 2983 1238 3072 quael

229 3064 978 3159 ritbancacerb'ainterpretatiotraditionum.
1122 3077 1127 3086 ”
1223 3069 1238 3152 μζ

197 3163 200 3173 ⁴
237 3171 240 3178 ·
313 3153 381 3220 N'os
396 3149 497 3254 igitur
519 3153 632 3220 contra
651 3149 743 3231 illam
767 3177 782 3220 s
807 3149 907 3221 eciem
928 3151 1107 3245 sapientiae
1131 3165 1160 3220 et
1176 3150 1237 3240 jusu

131 3268 134 3276 ¹
228 3238 263 3304 in
287 3233 439 3304 bumanrs
457 3233 594 3317 ritibus,
632 3260 716 3328 quae
741 3177 829 3306 fallit
857 3234 1024 3318 homiues,
1056 3235 1237 3325 'muniamusn

228 3319 333 3395 verbo
350 3321 435 3399 Dei,
474 3336 506 3388 et
527 3319 671 3412 primurn
702 3324 859 3404 sciamus,
895 3345 948 3390 eas
973 3344 1077 3416 neque
1098 3318 1237 3390 remissor

227 3409 452 3498 peccatorum,
481 3427 586 3498 neque
602 3405 864 3494 justificationem
885 3407 1002 3476 mereri
1016 3425 1127 3478 coram
1143 3409 1237 3478 Deo,l

251 3513 291 3556 ue
305 3489 348 3558 ad
369 3487 631 3579 justificationem
656 3491 850 3560 necessarias
874 3515 953 3559 esse.
996 3488 1237 3573 testimoniam

219 3514 304 3655 dam
323 3594 427 3666 ‘supra
451 3573 632 3642 citavimus.
679 3579 724 3642 Et
743 3575 858 3668 plenus
886 3591 934 3644 e'st
951 3573 1090 3656 Paulus;
1132 3555 1237 3643 Colossl

228 3657 317 3727 clare
329 3658 421 3728 dicit:
447 3659 560 3726 ¹Nemo
574 3682 631 3726 vos
645 3658 767 3748 judicet
787 3660 821 3728 in
831 3660 930 3743 cibo,
959 3675 1061 3756 potu,
1083 3637 1237 3730 'aut'sool

226 3759 293 3830 sto,
323 3747 381 3812 adt
391 3741 577 3823 novilunio,
606 3760 663 3811 aut
679 3744 850 3834 sabbatis,
872 3749 956 3840 quae
971 3762 1047 3814 sunt
1069 3745 1193 3812 umbrae
1210 3731 1237 3799 lul

225 3843 360 3926 rorprp,
388 3847 507 3925 'corpus
530 3833 638 3899 autern
661 3827 799 3900 Christi.
842 3830 1023 3924 Atq‘uebic
1044 3828 1142 3899 'simul
1163 3803 1237 3900 etlell

223 3915 325 3980 Moesi
352 3929 383 3982 et
405 3912 594 3980 traditiones
620 3912 781 3984 bumanas
812 3914 1051 4010 complectitur,
1080 3939 1122 3983 nc
1143 3910 1236 3982 abest

223 3995 360 4066 eludant
375 3998 454 4071 haec
469 3997 673 4078 testimonia,
697 4015 735 4067 ut
749 3997 872 4082 solent,
920 4001 985 4070 uod
997 3997 1121 4069 Paulus
1137 3995 1236 4066 tantuffl‘

159 4119 163 4136 ι
223 4078 296 4174 lege
312 4083 411 4151 Moisi
428 4081 589 4175 loquatur.
629 4082 692 4152 'Ille
708 4109 785 4152 vero
809 4083 866 4154 bic
889 4025 972 4154 clarc
989 4091 1143 4164 te'statur,
1168 4070 1236 4154 still

223 4165 508 4237 detraditionibus
521 4165 686 4236 humanis.
730 4171 949 4266 Quanquam,
981 4170 1063 4264 quid
1078 4167 1178 4240 dicant
1187 4155 1236 4238 llll

220 4249 316 4332 serii,
345 4277 413 4320 non
430 4250 550 4328 rident,
595 4253 632 4321 si
648 4253 871 4343 Evangeliurn
880 4271 978 4345 negat
990 4253 1180 4326 ceremonias
1197 4237 1236 4310 nu
