2618 4902
455 325 729 406 confessionis,
781 323 784 335 “
844 355 856 412 ς
1089 355 1131 436 7r

28 531 140 604 opera.
182 509 287 590 rsl‘so,
295 487 401 603 igitui
417 509 660 598 calumniamur
676 533 742 601 nos
753 509 942 593 adversarii,
965 510 1054 606 quod
1069 507 1133 578 'no-
1215 585 1218 594 ,

27 595 89 666 stri
106 620 173 665 non
197 596 332 666 doceant
353 597 438 666 hona
454 620 570 691 opera,
591 607 664 668 cum
687 621 724 665 ea
742 620 809 664 non
826 593 934 686 solum
951 592 1131 690 requirant,
1191 645 1192 653 κ

28 680 87 750 sed
101 679 200 750 etiam
215 683 407 765 ostendant,
430 683 598 776 quomodo
612 679 684 751 fieri
697 681 834 774 possint.
876 683 1019 767 Eventus
1032 666 1130 748 coair'-

28 765 103 856 guit
128 764 333 858 hypocritas,
371 765 429 860 qui
455 765 523 836 suis
545 767 671 836 viribus
698 775 857 834 conantur
880 763 987 854 legem
1010 763 1130 848 lacere,
1225 809 1239 843 ι,

30 849 122 942 quod
141 875 211 918 non
230 849 359 942 possint
380 868 561 944 praestare,
592 877 675 946 quac
698 865 865 918 conantur.
908 855 1022 940 longe
1042 847 1130 919 onim

28 932 232 1012 imbecillior,
246 949 293 1003 est
309 933 451 1002 humana
465 953 589 1016 nutura,
605 956 707 1030 qoam
721 933 841 1004 utsuis
855 932 978 1018 viribus
995 931 1128 1002 resiste-

29 1045 66 1086 re
81 1017 215 1086 diaholo
230 1017 353 1113 possit,
407 1019 440 1087 ui
453 1019 550 1088 habet
567 1045 601 1087 ca
628 1020 711 1088 tivos
732 1043 861 1102 omnes,
893 1015 950 1115 qui
967 1041 1038 1086 non
1050 1033 1129 1088 sunt

25 1101 163 1173 liberati
176 1127 236 1198 per
257 1103 365 1173 fidem.
382 1046 559 1174 qPotentia
576 1049 700 1173 Cliristi
717 1127 798 1198 opus
814 1120 862 1174 est
886 1105 1039 1172 adhersus
1054 1100 1130 1174 dia*

29 1185 161 1268 bolum,
201 1186 377 1270 videlicet,
398 1204 436 1256 ut
469 1188 548 1282 q'uia
577 1190 696 1257 scimus
718 1214 777 1256 nos
802 1204 937 1284 propter
958 1187 1129 1279 Christum
1207 1247 1214 1260 ,
1265 1236 1267 1244 ·

28 1271 193 1354 exaudiri,
223 1289 254 1342 et
274 1271 394 1342 hahere
419 1271 691 1366 promissionem,
719 1290 885 1366 petamus,
914 1289 951 1342 ut
971 1274 1143 1362 gubernet¹

27 1371 61 1455 et
76 1365 262 1510 propupriet
277 1381 336 1426 nos
355 1357 498 1451 Spiritus
518 1375 667 1434 sanctus,
689 1379 732 1426 nc
751 1357 875 1457 decepti
892 1367 1070 1458 erremus,
1084 1378 1127 1424 ne

28 1441 166 1535 rmpulsi
206 1457 299 1510 cntra
318 1442 520 1512 voluntatem
545 1443 611 1511 Dei
634 1439 764 1546 aliquid
783 1455 867 1512 'susci
892 1467 1013 1526 ramus,
1043 1456 1128 1510 srcut
1229 1469 1233 1478 ¹

27 1526 184 1596 Psalmus
196 1527 306 1596 docet:
324 1526 496 1622 Captivam
513 1525 606 1595 ‹lu-xit
621 1526 852 1626 captrvitate'm,
864 1468 953 1596 dedit
964 1528 1049 1594 dona
1062 1525 1126 1592 ho-

27 1610 187 1680 minihus.
227 1610 395 1680 'Christus
418 1612 503 1680 enim
530 1611 608 1681 vicit
627 1609 817 1693 diabolum,
862 1628 894 1679 et
918 1609 1009 1678 dedit
1030 1610 1124 1678 nohis
1153 1645 1155 1652 v

28 1693 309 1792 promissionem,
327 1696 526 1790 etSpiritum
542 1713 707 1778 sanctum,
728 1714 767 1765 ut
782 1695 907 1780 auxilio
924 1693 1033 1763 divino
1050 1694 1126 1762 vin-
1170 1731 1187 1781 g

30 1804 143 1851 camus
159 1796 191 1848 ot
208 1777 282 1872 ipsi.
324 1785 368 1850 Et
387 1810 399 1848 1
416 1779 492 1850 Joh.
509 1787 566 1850 lll.
596 1809 598 1816 ’
615 1783 667 1851 sd
684 1780 746 1850 hoc
758 1778 1031 1876 apparuitl'ilius
1048 1775 1125 1865 Dei,
1146 1829 1150 1841 ,
1192 1849 1193 1856 ¹

29 1883 68 1934 ut
84 1863 187 1932 solvat
203 1877 308 1948 'opera
328 1865 460 1936 diaboli.
501 1865 630 1936 Deinde
647 1890 713 1934 non
728 1863 790 1934 hoc
813 1882 940 1934 tantum
961 1867 1128 1945 docemus,

28 1949 197 2045 quomodo
218 1949 290 2018 ficri
311 1949 364 2028 lex
381 1951 501 2043 possit,
525 1952 695 2042 sedetiam
716 1951 885 2049 'quemodo
902 1955 974 2017 Deo
987 1947 1127 2042 placeat,

27 2033 155 2130 siquid
171 2034 234 2115 sit,
255 2032 419 2116 videlicet,
443 2061 510 2104 non
527 2036 605 2128 quia
621 2035 687 2123 logi
701 2035 954 2128 satisfaciamus,
975 2034 1032 2118 sed
1047 2031 1128 2134 quia

27 2117 357 2210 sumusinChristo.
400 2117 492 2190 Sicut
506 2119 606 2212 paulo
621 2136 695 2216 post
710 2119 863 2190 dicemus.
904 2122 1044 2190 Constat
1059 2116 1128 2206 rgi-
1208 2175 1213 2195 ,

28 2222 105 2286 tur,
130 2221 263 2296 nostros
286 2204 453 2298 requirere
471 2207 560 2274 hona
580 2230 687 2299 opera.
735 2211 805 2274 Imo
825 2203 976 2273 addimus
999 2219 1031 2274 ot
1050 2202 1127 2285 hoc,
1211 2211 1219 2230 '

28 2290 126 2384 quod
145 2287 351 2382 impossibile
371 2289 414 2380 sit
432 2288 741 2372 dileetioncmlDei,
773 2289 834 2374 etsi
853 2289 968 2379 exigua
984 2305 1048 2369 cst,
1071 2286 1127 2355 di-

29 2371 146 2442 vellere
168 2398 187 2440 a
204 2374 286 2454 fide,
316 2373 393 2466 quia
414 2400 474 2467 per
491 2372 660 2442 Christum
679 2373 842 2444 acceditur
861 2373 903 2442 ad
916 2379 1066 2452 Patrem,
1094 2387 1132 2450 et,
1159 2431 1165 2442 .

30 2473 162 2551 accepta
179 2457 370 2538 remissione
386 2474 591 2550 peccatorum
604 2484 678 2526 vere
694 2460 761 2550 jam
777 2457 964 2542 statuimus,
988 2481 1048 2542 pos
1063 2449 1126 2524 ha-

29 2544 108 2611 here
122 2546 256 2624 Deum,
272 2540 412 2624 horest,
435 2567 496 2612 nos
511 2548 585 2613 Deo
602 2568 697 2612 curae
714 2568 799 2630 esse,
818 2543 1029 2622 invocamus,
1050 2539 1132 2632 agi·
1155 2588 1165 2598 -
1184 2560 1186 2568 ’

22 2653 103 2718 raus
119 2627 258 2716 gratias,
281 2627 453 2709 timemus,
485 2625 672 2721 diligimus,
700 2626 782 2715 sieut
797 2627 961 2698 Jehanncs
980 2626 1072 2694 docet
1088 2624 1131 2692 in¹

54 2711 138 2780 rima
158 2710 320 2804 Epistola.
371 2715 440 2780 Nos
462 2712 630 2802 diligimus
653 2737 748 2796 cum,
776 2711 901 2806 inquit,
934 2709 1013 2804 quia
1033 2710 1128 2804 prior

29 2739 145 2892 dilcsit
157 2822 238 2880 nos,
266 2779 440 2880 videlicet,
461 2797 540 2890 quia
559 2795 649 2866 de'dit
665 2797 838 2892 pro'nohis
853 2797 995 2878 Filium,
1025 2811 1057 2866 at
1070 2819 1126 2862 rc-

29 2880 123 2952 misit
137 2879 232 2974 nobis
249 2899 387 2976 peecata.
439 2886 489 2950 lta
506 2881 667 2971 significat
682 2883 873 2974 praecedere
891 2883 1004 2960 fidem,
1033 2878 1128 2973 sequi
1197 2931 1199 2936 -

31 2964 250 3033 dilectionem.
299 2972 381 3052 Item
402 2964 482 3036 fides
494 2965 569 3048 illa,
592 2967 719 3059 de‘qua
743 2965 930 3058 loquimur,
960 2962 1068 3042 existit
1089 2963 1128 3034 in
1197 3028 1203 3042 ,,

32 3047 250 3143 poenitentia,
275 3047 337 3118 hoc
358 3065 425 3132 est,
452 3047 685 3144 concipitur'in
704 3050 887 3142 terroribus
903 3049 1130 3130 conscientiae,

32 3156 119 3233 quae
132 3131 227 3200 sentit
240 3132 323 3200 iram
338 3134 403 3208 Dei
417 3135 571 3202 adversus
584 3150 698 3206 nostra
712 3151 861 3230 peccata,
884 3153 915 3205 et
932 3134 1060 3229 quaerit
1072 3159 1130 3200 re·
1177 3158 1180 3165 ·

31 3217 225 3288 missionem
237 3233 449 3316 peccatorum
466 3234 498 3286 et
513 3217 645 3289 liberari
664 3244 685 3288 a
702 3236 841 3314 peceato.
891 3227 936 3289 Et
953 3221 987 3292 iu
1004 3217 1130 3286 talibus

32 3301 214 3371 terroribus
237 3318 269 3370 ct
291 3300 365 3370 alus
382 3299 613 3374 afflictionibus
635 3305 730 3375 dehet
744 3297 823 3386 haee
839 3306 917 3374 fides
935 3329 1074 3373 creseere
1096 3319 1130 3370 et

32 3384 229 3485 confirmari.
242 3391 452 3484 *Quaremon
470 3388 725 3479 potcstexistere
739 3390 778 3459 in
799 3389 861 3472 his,
876 3391 933 3486 qni
949 3389 1130 3458 secundum
1261 3453 1263 3460 t

31 3485 301 3552 earnemvrvunt,
320 3497 378 3564 qur
392 3469 648 3553 delectanturcu
677 3472 845 3542 iditatihus
859 3476 936 3558 suis,
953 3491 984 3542 et
999 3473 1129 3542 ohtcm-
1236 3543 1237 3546 ,

31 3557 148 3650 perant
164 3553 221 3627 eis.
270 3557 348 3624 Ideo
361 3555 488 3624 Paulus
504 3555 576 3634 sit:¹
592 3495 702 3626 Nulla
717 3585 804 3629 nune
819 3557 989 3630 damnatio
1002 3555 1128 3640 esthis,

35 3639 93 3733 qui
108 3657 184 3728 sunt
197 3638 233 3707 in
249 3640 381 3710 Christo
397 3645 495 3722 Je'sn,
516 3641 574 3735 qui
588 3667 656 3711 non
670 3643 849 3722 secundum
866 3667 995 3712 carnem
1011 3639 1149 3710 amhn.

25 3725 122 3824 lant,
141 3724 197 3794 sod
211 3723 388 3794 secundum
406 3723 569 3819 spiritum.
619 3736 719 3797 ltemr
742 3729 916 3798 Debitores
933 3750 1132 3816 sumus'non
1158 3803 1161 3813 y
1287 3805 1288 3812 ἵ

34 3833 142 3890 carm,
172 3824 208 3876 ut
229 3809 405 3896 secundum
427 3834 560 3880 carnem
582 3811 741 3884 vivamus.
784 3812 822 3880 Si
843 3813 928 3881 enim
954 3811 1134 3880 secundum
1212 3886 1217 3895 .
1286 3877 1287 3886 ,

34 3891 548 3975 carnemrineritis,moriemini3
571 3896 744 3966 sinautem
762 3923 776 3968 s
804 3896 883 3966 iritu
899 3897 1045 3968 actiones*
1056 3919 1133 3963 cor«

7 4013 8 4016 ¹
33 3974 125 4074 poris
148 3975 401 4061 mortificabitis,
430 3977 558 4048 viretis.
608 3985 720 4068 Quar'c
740 3983 762 4050 li
786 4007 819 4050 es
837 3982 909 4062 illa,
941 4005 1024 4076 quae
1045 3979 1132 4048 acci-

32 4062 84 4158 pit
107 4059 331 4130 remissionem
349 4077 557 4156 peccatorum
580 4063 616 4132 in
637 4065 734 4136 corde
751 4067 1003 4161 perterrefacto,
1024 4080 1063 4132 'et
1079 4061 1134 4130 fu·-
1163 4081 1166 4084 ·

33 4146 170 4245 giente'
195 4162 355 4229 occatum,
388 4172 455 4246 non
469 4163 578 4219 manet
598 4150 634 4218 in
654 4147 740 4233 his,
758 4150 816 4246 qui
835 4152 1062 4249 obtemperant
1074 4172 1136 4220 cu-

36 4231 125 4333 prdtt
196 4255 255 4318 us,
276 4257 335 4308 uec
349 4231 458 4306 esistrt
472 4259 546 4306 eum
560 4234 695 4324 mortali
709 4253 853 4338 peccato.
878 4263 880 4270 ’
