2750 4902
223 1037 834 1180 ‹E'Rll'ffssu
893 1069 923 1126 rt

225 1293 229 1324 t
289 1279 291 1300 ¹
509 1257 716 1284 m

142 1419 187 1491 ati
203 1433 280 1492 sunt
294 1417 463 1518 praecipui
476 1416 642 1502 articuli,
673 1419 707 1486 ui
719 1417 875 1488 ridentur
892 1417 1010 1490 babere
1028 1439 1160 1516 couno,

55 1505 209 1580 versiam.
254 1509 457 1600 Quanquam
476 1503 563 1574 enim
586 1503 627 1576 de
643 1443 793 1597 pluribus
810 1501 967 1572 abusibus
983 1505 1047 1576 dici
1061 1524 1160 1600 pote·

54 1609 125 1675 rat,
147 1607 276 1675 tamen,
296 1607 333 1660 ut
345 1589 533 1681 fugeremus
548 1587 785 1682 prolixitatem,
806 1588 990 1688 praecipua
1002 1589 1160 1686 complexi

55 1701 191 1757 sumus,
222 1674 395 1770 exquibus
417 1688 544 1764 caetera
563 1671 662 1742 facile
675 1672 816 1766 judicari
833 1691 981 1767 possunt.
1011 1678 1165 1766 Magnae
1232 1733 1234 1738 .

21 1789 22 1798 ¹
57 1757 211 1855 querelae
224 1757 360 1836 luerunt
376 1757 418 1826 de
429 1755 660 1848 indulgentiis,
691 1758 731 1826 de
750 1756 1088 1850 peregrinationibus,
1118 1761 1161 1836 de

57 1845 165 1914 abusu
178 1839 530 1914 excommunicationis.
563 1839 741 1932 Parechiae
755 1839 981 1936 multipliciter
994 1845 1159 1912 vexaban-

56 1945 112 1999 tur
124 1952 184 2024 per
200 1926 419 1997 stationarios.
462 1925 609 2004 Infinitae
627 1925 847 1998 contentiones
863 1944 957 2000 erant
973 1928 1160 2022 pastoribus

54 2038 131 2084 eum
147 2010 331 2094 monachis,
361 2011 400 2079 de
423 2007 717 2104 jureparochiali,
748 2011 788 2078 de
809 2011 1090 2094 confessionibus,
1117 2015 1159 2082 de

53 2095 250 2194 septuennis,
270 2095 311 2166 de
328 2093 591 2178 extramdinariis
606 2092 833 2177 concionibus,
861 2109 894 2164 et
908 2097 947 2166 de
960 2095 1037 2166 aliis
1056 2097 1159 2166 innu-

54 2181 266 2257 merabilibus
286 2179 395 2250 rebus.
437 2179 637 2271 Hujusmodi
653 2177 786 2280 negotia
804 2182 1100 2274 praetermisimus,
1120 2196 1159 2252 ut

54 2267 135 2346 illa,
165 2287 249 2364 quac
268 2281 345 2336 aunt
362 2261 473 2334 iubae
487 2284 584 2338 causa
620 2287 789 2358 acapna,
817 2264 958 2334 breviter
973 2266 1159 2362 proposita,
1237 2273 1241 2292 ’

54 2351 189 2424 facilius
214 2347 366 2442 cognosci
384 2363 528 2443 possent.
610 2371 692 2442 eque
721 2345 775 2418 hic
795 2347 971 2502 tppicquam
990 2352 1033 2420 ad
1053 2349 1156 2419 ullius

56 2433 289 2505 contumeliam
301 2433 425 2504 dictum
441 2449 500 2501 aut
516 2429 684 2501 collectum
698 2447 758 2500 est.
831 2435 954 2503 'anmm
971 2459 1010 2504 ea
1020 2434 1160 2504 recitata

54 2536 152 2600 sunt,
182 2543 267 2628 guae
287 2515 480 2588 videbantur
495 2513 676 2586 necessario
694 2516 830 2586 dicenda
845 2541 932 2600 esse,
960 2535 1000 2588 ut
1014 2515 1157 2610 intelligi

54 2605 161 2701 possit
182 2629 218 2674 tn
234 2602 382 2675 doctrina
404 2625 441 2672 ac
455 2600 664 2684 ceremoniis,
681 2601 781 2696 'apud
804 2623 866 2672 nos
881 2601 964 2674 nibil
979 2627 1047 2679 esse
1063 2629 1155 2672 rece-
1271 2625 1274 2634 ’

41 2707 147 2784 ,ρῐιιιη
164 2704 277 2758 contra
294 2685 490 2780 scripturam
502 2702 563 2784 aut
567 2683 747 2784 Ecclesiam
762 2685 969 2772 catholicam,
987 2685 1066 2783 quia
1080 2713 1155 2757 tna-

53 2773 212 2844 nilestum
228 2787 277 2842 est
294 2796 356 2844 nos
370 2769 619 2862 diligentissume
631 2795 775 2855 cavisse,
801 2797 842 2841 ne
859 2795 926 2869 qua
941 2798 1028 2848 nova
1043 2785 1076 2845 e't
1088 2771 1156 2842 ime

54 2858 112 2956 pia
124 2857 278 2949 dogmata
288 2855 324 2924 in
339 2855 503 2929 Ecclesias
516 2871 645 2926 nostras
661 2871 836 2949 serperent.

139 2947 209 3012 Hos
233 2937 390 3028 articulos
416 2944 517 3034 supra
538 2939 676 3033 scriptos
704 2939 871 3010 voluimus
893 2933 1043 3013 exbibete
1061 2944 1156 3038 jutta
1239 2953 1247 2966 ”

36 3035 40 3058 ’
55 3023 199 3105 edietum
208 3026 248 3096 C.
257 3029 305 3094 M·
323 3023 360 3093 in
375 3024 498 3120 quibus
511 3023 672 3118 confessio
688 3037 802 3102 nostra
816 3031 958 3108 extaret,
980 3041 1157 3112 eteorum,

55 3109 114 3216 qui
129 3109 219 3205 apud
231 3131 293 3178 uos
307 3108 447 3190 docent,
461 3107 630 3196 doctrinae
642 3131 770 3178 summa
783 3125 976 3192 temeretur.
1018 3107 1057 3180 Si
1073 3112 1157 3208 quid

53 3222 91 3266 rn
107 3195 169 3266 hac
183 3190 387 3264 consessione
401 3189 661 3274 desiderabitur,
688 3191 795 3292 parati
809 3217 922 3264 sumus
936 3191 1086 3276 latiorem
1098 3195 1180 3278 ine,¹

53 3277 308 3360 fmmauunem,
325 3279 404 3350 Deo·
416 3274 565 3361 uolente,
588 3277 681 3374 juxta
696 3276 872 3373 scripturas
887 3275 1049 3356 exhibere.
1098 3279 1129 3332 '-

138 3365 319 3438 Caesareae
338 3361 472 3456 'Maiest
493 3361 537 3431 V.
559 3425 562 3432 ,

653 3441 784 3516 Fideles
797 3459 830 3534 et
845 3442 968 3524 subditi

156 3534 353 3592 JOANNES
374 3534 436 3591 Dur
453 3531 580 3586 saxonae
594 3533 711 3592 Elector,

156 3605 382 3661 esoaetus
400 3605 516 3660 Matthia
531 3603 792 3671 Brandenburgemit,
814 3619 820 3626 ·
855 3635 858 3640 -

157 3675 269 3730 ERNE
279 3675 385 3727 STUS
403 3677 464 3726 Dux
477 3669 691 3738 luneburgensis}

157 3740 390 3799 PHlLlFPUS
409 3742 582 3810 bandgmviut
598 3745 746 3794 fleuerunt.

157 3809 639 3882 toauuessntuuutcus
657 3813 719 3866 unx
734 3810 870 3884 exosus,

158 3880 268 3936 FRAN
278 3881 318 3934 ΕΙ
328 3879 436 3934 8008
452 3881 513 3934 Dux
527 3880 747 3945 bureburgensis«

157 3949 455 4008 YOLFG'ArNGUS
472 3947 591 4018 Princeps
604 3949 636 4000 ab
650 3947 755 4002 Anhalt.

124 4045 126 4048 -
157 4012 589 4086 SENATUS‘Magirtruutque
601 4017 814 4086 unebertus.

158 4079 568 4170 nundinationem.
781 4085 785 4098 ‘

493 4227 724 4278 una—su-
