2602 4888
36 759 38 768 Ι
159 671 164 688 “
224 673 403 746 nesciens
428 687 526 764 atque
552 674 702 756 medens,
734 675 822 768 quod
851 679 962 756 Deus,
991 697 1076 775 quae

221 323 320 414 idd¹
362 293 366 304 .
403 297 406 313 ¹
452 332 457 343 ’
550 322 726 402 Fotrnuls
743 263 986 398 lloncordiae.
1007 383 1029 424 ,ι

223 501 390 598 amplexus
412 501 545 586 tuens,
571 501 632 574 etsi
660 500 695 574 id
727 481 840 599 lissum
865 502 985 574 rationi
1011 505 1083 595 ejus
1108 497 1263 594 imposslrilr

162 589 166 610 ¹
223 589 406 672 rideretur,
427 603 460 658 et
479 586 527 658 sic
545 591 620 659 Deo
641 587 770 662 laudem
791 588 935 660 veritatis
963 585 1134 670 tribuerat,
1166 585 1264 686 certissi-

1125 695 1251 740 romnus

224 758 332 856 etiarn,
368 773 509 826 raestare
531 775 658 851 possen
687 759 734 830 ita
760 783 893 862 quoque
912 773 1000 828 nunc
1020 696 1199 850 srmpiieiter
1214 685 1265 822 acri

225 850 276 940 pit
294 784 429 915 ver-hun
449 857 481 912 ct
502 844 692 914 mandatum
719 849 782 912 Der
803 845 981 912 menradum
1008 840 1151 925 literam,
1176 862 1267 929 remque

226 943 327 1006 totam
341 927 476 996 divinae
492 927 746 1021 omnipotentiae
761 943 793 996 et
804 927 982 1022 sapientiae
994 927 1187 1032 permittens,
1206 947 1267 1018 quau

227 1013 289 1084 scit
308 1009 541 1105 multoplures
558 1011 682 1084 habere
705 1013 841 1096 modos,
867 1037 927 1104 per
979 1035 1038 1082 uos
1064 1007 1268 1104 promissione

227 1095 325 1180 illam
344 1095 542 1196 desemine,
572 1097 613 1168 ab
636 1103 752 1168 isaaco
779 1037 1010 1192 propagando,
1039 1093 1173 1192 implere
1191 1105 1268 1188 posset,

228 1205 329 1275 quam
352 1204 421 1274 epse
442 1205 538 1250 coeca
557 1205 617 1252 sua
645 1181 770 1252 ratione
801 1179 1076 1277 comprehendere
1106 1178 1221 1276 valeret
1246 1180 1269 1242 lt

228 1263 271 1335 ad
293 1263 378 1334 hun‘c
399 1264 534 1336 modum
555 1269 654 1336 etiam
673 1292 732 1337 nos
756 1290 832 1336 vera
860 1265 1041 1336 humilitate
1073 1281 1107 1335 et
1136 1265 1269 1337 ohedientia

83 1343 87 1352 ¹
147 1437 151 1444 ι
218 1350 383 1438 ¹creatoris
404 1367 436 1419 et
456 1350 647 1422 redemtoris
666 1351 787 1434 nostri,
813 1350 1003 1446 perspicuo,
1033 1351 1148 1430 firmo,
1171 1346 1270 1416 claruet

227 1434 372 1510 maxime,
388 1439 473 1504 serio
497 1437 600 1514 verbo
619 1452 651 1506 et
664 1438 819 1505 mandato
842 1437 980 1530 (absque
1000 1430 1269 1522 onnihaesitatiou

228 1534 262 1588 et
281 1517 522 1614 disputatione,
553 1521 719 1614 quomodo
746 1520 783 1589 id
812 1523 855 1589 ad
882 1536 1037 1590 nostram·
1056 1519 1208 1588 rationem
1240 1535 1269 1578 u·

228 1603 324 1704 dcet,
338 1619 394 1673 aut
413 1603 567 1696 possibile
587 1602 859 1698 sit)‘’simpli'citer
878 1604 1007 1676 credere
1029 1606 1192 1680 dehemus.
1223 1539 1270 1666 hat

128 1739 135 1750 .
229 1711 317 1786 enirn
338 1687 437 1758 verba
463 1687 593 1760 locutus
627 1705 675 1759 est
701 1689 866 1758 Dominus
897 1687 976 1773 ille,
1006 1689 1065 1784 qni
1091 1688 1270 1766 immerserit

227 1777 293 1842 Der
314 1773 417 1874 patris
445 1774 627 1866 sapientia,
649 1791 695 1846 et
723 1774 839 1845 veritas
869 1773 940 1866 ipsa
950 1823 969 1856 ,.
991 1773 1050 1868 qui
1071 1767 1205 1852 omnia,
1227 1769 1280 1860 qut}

191 1929 195 1936 ,
228 1857 406 1954 promittit,
427 1858 662 1928 certissimere
682 1858 931 1954 ipsa'perficere
950 1874 983 1928 et
1002 1874 1170 1962 praestare·
1181 1865 1259 1950 potest

301 1943 360 2042 ‚Et
379 1963 457 2011 sane
473 1967 584 2014 omnes
600 1944 859 2014 circumstantiae
873 1940 1088 2026 institutionis
1104 1942 1271 2012 sioenaellu

179 2079 181 2086 .
230 2023 771 2112 minicaeluculenter²‘testantur,
792 2029 891 2098 rerba
913 2025 977 2098 illa
998 2027 1139 2098 Domini
1165 2041 1194 2094 et
1210 2019 1280 2089 salse*

112 2163 116 2175 .
230 2113 313 2182 toris
332 2108 438 2182 nostri
467 2117 548 2180 Jesu
572 2111 703 2182 Christi
729 2113 831 2207 (qnae
849 2137 908 2206 per
936 2111 1182 2210 superspicua,
1206 2109 1271 2182 firno

126 2507 129 2513 .
176 2493 178 2508 «
232 2472 315 2532 suo,
336 2451 410 2534 etc.)
425 2447 468 2520 'in
490 2473 620 2536 mensa,
654 2464 687 2519 et
713 2451 749 2519 in'
780 2473 880 2521 coena
913 2451 954 2520 de

231 2193 318 2266 clara
337 2211 389 2294 ‘et
409 2193 616 2268 'indubitata'
634 2199 724 2298 sunt)
762 2221 830 2267 non
850 2194 905 2266 ali
963 2246 974 2278 ,
1001 2219 1102 2292 quam
1129 2219 1165 2264 ιιι
1184 2190 1271 2264 'usitati

230 2293 368 2434 {contra
389 2293 421 2348 et
442 2285 608 2352 communi
630 2280 866 2373 significatione
886 2211 988 2374 egoi
1020 2306 1117 2374 posse
1143 2294 1176 2350 et
1196 2275 1272 2345 dun.

264 2389 321 2436 nm
343 2365 430 2435 enim
459 2363 611 2436 Christus
635 2366 829 2436 mandatum
846 2363 929 2436 illud
957 2368 1015 2522 ide
1043 2365 1169 2437 edendo
1188 2377 1273 2452 corput

979 2451 1060 2536 erit,
1089 2451 1218 2520 dubium
1237 2461 1273 2512 est

232 2557 300 2602 non
319 2549 447 2624 potest,
466 2535 547 2630 quin
569 2536 610 2606 de
631 2559 708 2604 vero
730 2533 870 2604 naturali
891 2560 991 2629 pane,
1012 2551 1046 2605 et
1068 2535 1111 2604 ele
1131 2541 1203 2603 rero
1219 2541 1273 2596 uult

232 2615 297 2686 rali
316 2616 411 2700 rino,
432 2635 529 2716 atque
551 2617 590 2688 de
610 2617 876 2703 manducatione,
898 2645 983 2714 quae
1004 2645 1060 2689 ore
1080 2621 1135 2702 fit,
1160 2617 1273 2710 loquatur

234 2699 282 2772 ita
309 2699 465 2784 utnulla
495 2703 530 2772 in
549 2703 710 2774 vocabulo
743 2704 863 2800 (panis)
892 2703 1086 2800 metaphora
1115 2729 1185 2773 esse
1206 2709 1274 2792 pust

233 2785 330 2886 quasi
358 2783 482 2857 Christi
506 2813 624 2882 eorpus
653 2785 857 2882 spiritualem
891 2813 1009 2881 panem
1040 2804 1097 2860 aut
1123 2779 1273 2884 spiritualer

167 2878 171 2886 '
203 2895 205 2902 ’
235 2871 345 2943 ntum
369 2871 498 2944 animae
518 2872 626 2946 dicere
642 2873 801 2942 'voluerit
851 2877 898 2942 Et
922 2872 1074 2944 Ghristus
1098 2873 1169 2966 ipse
1210 2883 1274 2936 raro

233 2977 309 3024 vere
329 2954 477 3038 studuit,
501 2982 542 3026 ne
563 2954 760 3052 metonymia
783 2957 820 3030 in
845 2957 1004 3044 uocabulo
1028 2896 1273 3052 (corporisiintl

235 3036 408 3130 ligentur,
436 3055 471 3109 et
490 3063 530 3110 ne
559 3042 800 3112 existimaretur
824 3041 979 3134 designo
1001 3043 1148 3137 corporis
1174 3037 1231 3118 sui,
1248 3041 1274 3128 {ll

237 3139 362 3193 tantum
384 3125 425 3196 de
447 3123 615 3218 symbolo,
636 3125 687 3195 vel
711 3127 750 3194 de
771 3127 1084 3221 liguratocorpore,
1117 3141 1172 3196 aut
1190 3125 1274 3216 deur:

237 3209 464 3307 tuterorporis
481 3208 545 3294 sui,
560 3234 619 3280 seu
636 3209 810 3294 beneficiis,
836 3237 918 3306 quae
933 3211 1099 3284 oblatione
1116 3219 1273 3303 corporatul

117 3335 122 3346 -
236 3293 333 3364 nolus
341 3295 542 3450 promeruit,
564 3307 672 3384 agere,
706 3295 837 3366 Diserte
850 3295 940 3367 enim
956 3295 1149 3391 loquiturde
1162 3306 1274 3374 versit?

237 3377 339 3448 sentia
353 3406 365 3446 ι
380 3393 412 3450 et
421 3378 627 3450 substantiali
642 3403 701 3448 suo
711 3404 858 3476 corpore,
874 3380 963 3474 quod
973 3379 1007 3450 in
1016 3397 1155 3452 mortem
1164 3401 1215 3471 pro
1222 3368 1273 3438 nult

238 3461 391 3546 tradidit,
413 3477 446 3532 et
468 3463 508 3534 de
528 3488 626 3547 vero,
648 3465 855 3567 substantiali
875 3466 1035 3558 sangnine
1057 3491 1136 3549 suo,
1152 3469 1274 3560 quenlptl

238 3545 334 3618 nobis
354 3550 391 3616 in
411 3569 468 3618 ara
498 3547 599 3618 crucis
628 3546 664 3619 in
684 3549 913 3620 remissionem
934 3567 1142 3644 peccatorum
1158 3541 1255 3616 stude

248 3663 251 3670 ’
324 3632 425 3736 Atqui
446 3630 556 3708 nultus
577 3647 773 3725 potestesse
797 3647 864 3710 tam
885 3635 988 3705 fidelis
1008 3635 1202 3704 antidoneus
1218 3637 1273 3720 alil

240 3713 355 3788 doctus
380 3732 542 3816 interpres
565 3717 739 3789 verborum
767 3723 848 3788 Jesu
877 3719 1022 3803 Christi,
1052 3745 1151 3816 quam
1173 3712 1217 3784 ille
1237 3723 1273 3799 tpt

241 3797 393 3876 Christus
404 3807 576 3884 Dominus,
587 3800 646 3898 qui
660 3827 719 3871 sua
732 3803 829 3873 verba
845 3801 905 3874 illa
919 3803 1112 3886 certissima,
1129 3825 1206 3872 suam
1218 3811 1273 3862 nu·

241 3901 307 3955 tem
329 3899 428 3979 atque
449 3885 641 3976 sententiam
660 3887 809 3956 omnium
832 3888 954 3981 optime
975 3887 1145 3976 inteiligit,
1163 3865 1274 3973 atquqil

241 3993 314 4040 eam
329 3969 439 4039 dextre
453 3968 676 4042 declarandam
686 3971 937 4063 intelligentiam
950 3971 1110 4068 sapientia
1125 3972 1273 4048 instructus,t

243 4063 382 4128 musest.
406 4056 507 4150 ilicis
515 4055 733 4132 declaratione
746 4057 896 4158 inprimis
905 4057 1041 4128 ultimae
1047 4083 1126 4128 suae
1141 4055 1272 4124 volutatu

243 4154 483 4237 testamentret
502 4139 654 4232 perpetui
675 4140 818 4211 foederis
846 4141 945 4237 atque
976 4136 1273 4246 conjunctionisi,non

159 4288 161 4291 ,
243 4225 408 4318 lignatus,
436 4247 503 4294 uon
529 4223 711 4320 ambiguis,
744 4227 803 4300 sed
828 4228 992 4328 propriis,
1020 4215 1274 4330 simplicissima
