<?xml version="1.0" encoding="UTF-8"?>
<!DOCTYPE html PUBLIC "-//W3C//DTD XHTML 1.0 Transitional//EN"
    "http://www.w3.org/TR/xhtml1/DTD/xhtml1-transitional.dtd">
<html xmlns="http://www.w3.org/1999/xhtml" xml:lang="en" lang="en">
 <head>
  <title>
</title>
<meta http-equiv="Content-Type" content="text/html;charset=utf-8" />
  <meta name='ocr-system' content='tesseract 3.04.00' />
  <meta name='ocr-capabilities' content='ocr_page ocr_carea ocr_par ocr_line ocrx_word'/>
</head>
<body>
  <div class='ocr_page' id='page_1' title='image "./librisymbolicie03churgoog/librisymbolicie03churgoog_0057.png"; bbox 0 0 2750 4902; ppageno 0'>
   <div class='ocr_carea' id='block_1_1' title="bbox 136 301 911 416">
    <p class='ocr_par' dir='ltr' id='par_1_1' title="bbox 136 301 911 416">
     <span class='ocr_line' id='line_1_1' title="bbox 136 301 911 416; baseline 0.004 -34"><span class='ocrx_word' id='word_1_1' title='bbox 136 333 140 340; x_wconf 91' lang='lat'>·</span> <span class='ocrx_word' id='word_1_2' title='bbox 177 329 180 336; x_wconf 52' lang='lat'><strong>¹</strong></span> <span class='ocrx_word' id='word_1_3' title='bbox 219 310 267 416; x_wconf 15' lang='lat'><strong>3¹2</strong></span> <span class='ocrx_word' id='word_1_4' title='bbox 427 301 438 340; x_wconf 64' lang='lat'><strong><em>⁹</em></strong></span> <span class='ocrx_word' id='word_1_5' title='bbox 601 353 604 364; x_wconf 86' lang='lat'><strong>·</strong></span> <span class='ocrx_word' id='word_1_6' title='bbox 675 309 866 404; x_wconf 77' lang='lat' dir='ltr'><strong>Confessio</strong></span> <span class='ocrx_word' id='word_1_7' title='bbox 908 314 911 324; x_wconf 87' lang='lat'>&#39;</span> 
     </span>
    </p>
   </div>
   <div class='ocr_carea' id='block_1_2' title="bbox 242 481 1352 728">
    <p class='ocr_par' dir='ltr' id='par_1_2' title="bbox 242 481 1352 728">
     <span class='ocr_line' id='line_1_2' title="bbox 305 481 1352 598; baseline 0.001 -36"><span class='ocrx_word' id='word_1_8' title='bbox 305 489 442 588; x_wconf 72' lang='lat' dir='ltr'><strong>Constat</strong></span> <span class='ocrx_word' id='word_1_9' title='bbox 450 483 564 560; x_wconf 69' lang='lat' dir='ltr'><strong>&#39;autem</strong></span> <span class='ocrx_word' id='word_1_10' title='bbox 579 487 758 594; x_wconf 77' lang='lat' dir='ltr'><strong>Monachus</strong></span> <span class='ocrx_word' id='word_1_11' title='bbox 772 481 938 575; x_wconf 70' lang='lat' dir='ltr'><strong>dociliter,</strong></span> <span class='ocrx_word' id='word_1_12' title='bbox 968 491 1056 590; x_wconf 84' lang='lat' dir='ltr'><strong>quod</strong></span> <span class='ocrx_word' id='word_1_13' title='bbox 1079 491 1220 594; x_wconf 64' lang='lat' dir='ltr'><strong>lactitiae</strong></span> <span class='ocrx_word' id='word_1_14' title='bbox 1234 491 1328 596; x_wconf 69' lang='lat' dir='ltr'><strong>reli·</strong></span> <span class='ocrx_word' id='word_1_15' title='bbox 1351 513 1352 598; x_wconf 51' lang='lat' dir='ltr'><strong>p</strong></span> 
     </span>
     <span class='ocr_line' id='line_1_3' title="bbox 242 571 1352 728; baseline 0.006 -85"><span class='ocrx_word' id='word_1_16' title='bbox 242 571 542 644; x_wconf 82' lang='lat' dir='ltr'><strong>’oncssatrsfaciaut</strong></span> <span class='ocrx_word' id='word_1_17' title='bbox 555 595 618 728; x_wconf 77' lang='lat' dir='ltr'><strong>pro</strong></span> <span class='ocrx_word' id='word_1_18' title='bbox 634 592 770 670; x_wconf 82' lang='lat' dir='ltr'><strong>peccatu</strong></span> <span class='ocrx_word' id='word_1_19' title='bbox 811 593 1002 648; x_wconf 78' lang='lat' dir='ltr'><strong>mereantur·</strong></span> <span class='ocrx_word' id='word_1_20' title='bbox 1040 593 1156 650; x_wconf 84' lang='lat' dir='ltr'><strong>ratram</strong></span> <span class='ocrx_word' id='word_1_21' title='bbox 1177 580 1328 670; x_wconf 80' lang='lat' dir='ltr'><strong>etjustr-</strong></span> <span class='ocrx_word' id='word_1_22' title='bbox 1351 601 1352 682; x_wconf 60' lang='lat' dir='ltr'><strong>p</strong></span> 
     </span>
    </p>
   </div>
   <div class='ocr_carea' id='block_1_3' title="bbox 119 627 1329 898">
    <p class='ocr_par' dir='ltr' id='par_1_3' title="bbox 119 627 1352 898">
     <span class='ocr_line' id='line_1_4' title="bbox 241 627 1329 811; baseline 0.005 -83"><span class='ocrx_word' id='word_1_23' title='bbox 241 657 419 728; x_wconf 82' lang='lat' dir='ltr'><strong>rationem:</strong></span> <span class='ocrx_word' id='word_1_24' title='bbox 452 657 543 811; x_wconf 46' lang='lat' dir='ltr'><strong>(guid</strong></span> <span class='ocrx_word' id='word_1_25' title='bbox 579 685 618 730; x_wconf 91' lang='lat' dir='ltr'><strong>oc</strong></span> <span class='ocrx_word' id='word_1_26' title='bbox 636 675 684 730; x_wconf 89' lang='lat' dir='ltr'><strong>est</strong></span> <span class='ocrx_word' id='word_1_27' title='bbox 697 627 806 748; x_wconf 85' lang='lat' dir='ltr'><strong>aliud,</strong></span> <span class='ocrx_word' id='word_1_28' title='bbox 828 686 927 756; x_wconf 89' lang='lat' dir='ltr'><strong>quam</strong></span> <span class='ocrx_word' id='word_1_29' title='bbox 941 663 1027 754; x_wconf 77' lang='lat' dir='ltr'><strong>dog</strong></span> <span class='ocrx_word' id='word_1_30' title='bbox 1049 664 1098 733; x_wconf 82' lang='lat' dir='ltr'><strong>ria</strong></span> <span class='ocrx_word' id='word_1_31' title='bbox 1115 662 1241 734; x_wconf 79' lang='lat' dir='ltr'><strong>Christi</strong></span> <span class='ocrx_word' id='word_1_32' title='bbox 1255 664 1329 733; x_wconf 87' lang='lat' dir='ltr'><strong>-de-</strong></span> 
     </span>
     <span class='ocr_line' id='line_1_5' title="bbox 119 742 1329 898; baseline 0.005 -87"><span class='ocrx_word' id='word_1_33' title='bbox 119 797 134 819; x_wconf 78' lang='grc'><strong>.,</strong></span> <span class='ocrx_word' id='word_1_34' title='bbox 220 742 344 812; x_wconf 88' lang='lat' dir='ltr'><strong>trahere</strong></span> <span class='ocrx_word' id='word_1_35' title='bbox 352 793 371 840; x_wconf 29' lang='grc' dir='ltr'><strong>,ι</strong></span> <span class='ocrx_word' id='word_1_36' title='bbox 393 758 426 811; x_wconf 90' lang='lat' dir='ltr'><strong>et</strong></span> <span class='ocrx_word' id='word_1_37' title='bbox 447 766 467 812; x_wconf 91' lang='lat' dir='ltr'><strong>o</strong></span> <span class='ocrx_word' id='word_1_38' title='bbox 490 767 620 815; x_wconf 80' lang='lat' dir='ltr'><strong>scurare</strong></span> <span class='ocrx_word' id='word_1_39' title='bbox 647 769 685 814; x_wconf 88' lang='lat' dir='ltr'><strong>ac</strong></span> <span class='ocrx_word' id='word_1_40' title='bbox 707 771 826 844; x_wconf 76' lang='lat' dir='ltr'><strong>negare</strong></span> <span class='ocrx_word' id='word_1_41' title='bbox 840 746 1006 898; x_wconf 59' lang='lat' dir='ltr'><strong>postitiam</strong></span> <span class='ocrx_word' id='word_1_42' title='bbox 1023 747 1119 820; x_wconf 70' lang='lat' dir='ltr'><strong>fidei?</strong></span> <span class='ocrx_word' id='word_1_43' title='bbox 1163 748 1329 848; x_wconf 69' lang='lat' dir='ltr'><strong>Sequitur</strong></span> 
     </span>
    </p>
   </div>
   <div class='ocr_carea' id='block_1_4' title="bbox 167 828 1328 930">
    <p class='ocr_par' dir='ltr' id='par_1_4' title="bbox 167 828 1352 930">
     <span class='ocr_line' id='line_1_6' title="bbox 167 828 1328 930; baseline -0.003 -28"><span class='ocrx_word' id='word_1_44' title='bbox 167 892 169 902; x_wconf 32' lang='lat' dir='ltr'>s</span> <span class='ocrx_word' id='word_1_45' title='bbox 218 828 334 930; x_wconf 79' lang='lat' dir='ltr'><strong>igitur,</strong></span> <span class='ocrx_word' id='word_1_46' title='bbox 355 833 423 896; x_wconf 77' lang='lat' dir='ltr'><strong>ista</strong></span> <span class='ocrx_word' id='word_1_47' title='bbox 439 843 513 898; x_wconf 83' lang='lat' dir='ltr'><strong>vota</strong></span> <span class='ocrx_word' id='word_1_48' title='bbox 529 829 647 899; x_wconf 86' lang='lat' dir='ltr'><strong>usitata</strong></span> <span class='ocrx_word' id='word_1_49' title='bbox 663 829 783 924; x_wconf 76' lang='lat' dir='ltr'><strong>impios</strong></span> <span class='ocrx_word' id='word_1_50' title='bbox 801 857 840 902; x_wconf 93' lang='lat' dir='ltr'><strong>cu</strong></span> <span class='ocrx_word' id='word_1_51' title='bbox 853 847 903 903; x_wconf 84' lang='lat' dir='ltr'><strong>tus</strong></span> <span class='ocrx_word' id='word_1_52' title='bbox 916 831 1035 920; x_wconf 79' lang='lat' dir='ltr'><strong>luisse,</strong></span> <span class='ocrx_word' id='word_1_53' title='bbox 1055 856 1157 926; x_wconf 86' lang='lat' dir='ltr'><strong>quare</strong></span> <span class='ocrx_word' id='word_1_54' title='bbox 1180 849 1259 906; x_wconf 84' lang='lat' dir='ltr'><strong>sunt</strong></span> <span class='ocrx_word' id='word_1_55' title='bbox 1274 861 1328 902; x_wconf 82' lang='lat' dir='ltr'><strong>rr·-</strong></span> 
     </span>
    </p>
   </div>
   <div class='ocr_carea' id='block_1_5' title="bbox 74 912 1327 1013">
    <p class='ocr_par' dir='ltr' id='par_1_5' title="bbox 74 912 1327 1013">
     <span class='ocr_line' id='line_1_7' title="bbox 74 912 1327 1013; baseline 0.002 -29"><span class='ocrx_word' id='word_1_56' title='bbox 74 967 76 974; x_wconf 84' lang='lat'><em>.</em></span> <span class='ocrx_word' id='word_1_57' title='bbox 107 983 117 1005; x_wconf 32' lang='lat' dir='ltr'>x</span> <span class='ocrx_word' id='word_1_58' title='bbox 216 928 293 984; x_wconf 62' lang='lat' dir='ltr'><strong>rrta.¹</strong></span> <span class='ocrx_word' id='word_1_59' title='bbox 332 914 419 980; x_wconf 90' lang='lat' dir='ltr'><strong>Nam</strong></span> <span class='ocrx_word' id='word_1_60' title='bbox 434 929 546 986; x_wconf 74' lang='lat' dir='ltr'><strong>ectum</strong></span> <span class='ocrx_word' id='word_1_61' title='bbox 565 912 725 1013; x_wconf 77' lang='lat' dir='ltr'><strong>impium,</strong></span> <span class='ocrx_word' id='word_1_62' title='bbox 747 931 783 985; x_wconf 84' lang='lat' dir='ltr'><strong>ct</strong></span> <span class='ocrx_word' id='word_1_63' title='bbox 799 916 921 986; x_wconf 84' lang='lat' dir='ltr'><strong>factum</strong></span> <span class='ocrx_word' id='word_1_64' title='bbox 939 933 1051 987; x_wconf 88' lang='lat' dir='ltr'><strong>contra</strong></span> <span class='ocrx_word' id='word_1_65' title='bbox 1073 915 1228 990; x_wconf 81' lang='lat' dir='ltr'><strong>mandata</strong></span> <span class='ocrx_word' id='word_1_66' title='bbox 1242 918 1327 1000; x_wconf 89' lang='lat' dir='ltr'><strong>Dei,</strong></span> 
     </span>
    </p>
   </div>
   <div class='ocr_carea' id='block_1_6' title="bbox 142 993 1327 2114">
    <p class='ocr_par' dir='ltr' id='par_1_6' title="bbox 142 993 1327 2114">
     <span class='ocr_line' id='line_1_8' title="bbox 217 993 1327 1097; baseline 0.005 -28"><span class='ocrx_word' id='word_1_67' title='bbox 217 993 401 1079; x_wconf 78' lang='lat' dir='ltr'><strong>honralet,</strong></span> <span class='ocrx_word' id='word_1_68' title='bbox 425 1020 530 1090; x_wconf 87' lang='lat' dir='ltr'><strong>neque</strong></span> <span class='ocrx_word' id='word_1_69' title='bbox 542 1023 629 1096; x_wconf 76' lang='lat' dir='ltr'><strong>emm</strong></span> <span class='ocrx_word' id='word_1_70' title='bbox 647 993 742 1070; x_wconf 86' lang='lat' dir='ltr'><strong>dehet</strong></span> <span class='ocrx_word' id='word_1_71' title='bbox 752 1015 869 1083; x_wconf 77' lang='lat' dir='ltr'><strong>,votum</strong></span> <span class='ocrx_word' id='word_1_72' title='bbox 883 999 1051 1092; x_wconf 84' lang='lat' dir='ltr'><strong>vinculum</strong></span> <span class='ocrx_word' id='word_1_73' title='bbox 1067 1027 1137 1074; x_wconf 85' lang='lat' dir='ltr'><strong>esse</strong></span> <span class='ocrx_word' id='word_1_74' title='bbox 1158 1001 1327 1097; x_wconf 84' lang='lat' dir='ltr'><strong>iniquita-</strong></span> 
     </span>
     <span class='ocr_line' id='line_1_9' title="bbox 215 1082 1058 1166; baseline -0.002 -11"><span class='ocrx_word' id='word_1_75' title='bbox 215 1085 280 1166; x_wconf 83' lang='lat' dir='ltr'><strong>tis,</strong></span> <span class='ocrx_word' id='word_1_76' title='bbox 307 1082 486 1150; x_wconf 78' lang='lat' dir='ltr'><strong>utcanon</strong></span> <span class='ocrx_word' id='word_1_77' title='bbox 507 1082 597 1153; x_wconf 78' lang='lat' dir='ltr'><strong>dicit.</strong></span> <span class='ocrx_word' id='word_1_78' title='bbox 1000 1123 1002 1128; x_wconf 37' lang='lat' dir='ltr'>v</span> <span class='ocrx_word' id='word_1_79' title='bbox 1055 1097 1058 1104; x_wconf 89' lang='lat'>&#39;</span> 
     </span>
     <span class='ocr_line' id='line_1_10' title="bbox 303 1162 1326 1276; baseline 0.011 -44"><span class='ocrx_word' id='word_1_80' title='bbox 303 1162 424 1264; x_wconf 76' lang='lat' dir='ltr'><strong>Paulus</strong></span> <span class='ocrx_word' id='word_1_81' title='bbox 439 1166 536 1238; x_wconf 73' lang='lat' dir='ltr'><strong>dicite</strong></span> <span class='ocrx_word' id='word_1_82' title='bbox 565 1166 725 1240; x_wconf 83' lang='lat' dir='ltr'><strong>Evacuati</strong></span> <span class='ocrx_word' id='word_1_83' title='bbox 741 1169 815 1242; x_wconf 83' lang='lat' dir='ltr'><strong>estis</strong></span> <span class='ocrx_word' id='word_1_84' title='bbox 830 1193 850 1238; x_wconf 93' lang='lat' dir='ltr'><strong>a</strong></span> <span class='ocrx_word' id='word_1_85' title='bbox 866 1163 1019 1266; x_wconf 89' lang='lat' dir='ltr'><strong>Christo,</strong></span> <span class='ocrx_word' id='word_1_86' title='bbox 1048 1167 1155 1265; x_wconf 88' lang='lat' dir='ltr'><strong>quiin</strong></span> <span class='ocrx_word' id='word_1_87' title='bbox 1171 1169 1245 1272; x_wconf 82' lang='lat' dir='ltr'><strong>lege</strong></span> <span class='ocrx_word' id='word_1_88' title='bbox 1264 1173 1326 1276; x_wconf 76' lang='lat' dir='ltr'><strong>ju-</strong></span> 
     </span>
     <span class='ocr_line' id='line_1_11' title="bbox 217 1251 1327 1349; baseline 0.003 -28"><span class='ocrx_word' id='word_1_89' title='bbox 217 1251 464 1332; x_wconf 85' lang='lat' dir='ltr'><strong>stificamm1,a</strong></span> <span class='ocrx_word' id='word_1_90' title='bbox 489 1253 593 1344; x_wconf 85' lang='lat' dir='ltr'><strong>gratia</strong></span> <span class='ocrx_word' id='word_1_91' title='bbox 615 1251 788 1342; x_wconf 68' lang='lat' dir='ltr'><strong>excidistis.</strong></span> <span class='ocrx_word' id='word_1_92' title='bbox 824 1259 921 1344; x_wconf 79' lang='lat' dir='ltr'><strong>Ergo</strong></span> <span class='ocrx_word' id='word_1_93' title='bbox 935 1252 1050 1338; x_wconf 89' lang='lat' dir='ltr'><strong>etiam,</strong></span> <span class='ocrx_word' id='word_1_94' title='bbox 1076 1253 1134 1348; x_wconf 90' lang='lat' dir='ltr'><strong>qui</strong></span> <span class='ocrx_word' id='word_1_95' title='bbox 1154 1272 1239 1328; x_wconf 72' lang='lat' dir='ltr'><strong>rotis</strong></span> <span class='ocrx_word' id='word_1_96' title='bbox 1267 1283 1327 1349; x_wconf 76' lang='lat' dir='ltr'><strong>Ju-</strong></span> 
     </span>
     <span class='ocr_line' id='line_1_12' title="bbox 217 1331 1325 1432; baseline 0.005 -27"><span class='ocrx_word' id='word_1_97' title='bbox 217 1335 350 1406; x_wconf 87' lang='lat' dir='ltr'><strong>stilicari</strong></span> <span class='ocrx_word' id='word_1_98' title='bbox 363 1331 494 1420; x_wconf 85' lang='lat' dir='ltr'><strong>volunt,</strong></span> <span class='ocrx_word' id='word_1_99' title='bbox 516 1353 750 1429; x_wconf 76' lang='lat' dir='ltr'><strong>evacuantura</strong></span> <span class='ocrx_word' id='word_1_100' title='bbox 767 1337 919 1422; x_wconf 80' lang='lat' dir='ltr'><strong>Christo,</strong></span> <span class='ocrx_word' id='word_1_101' title='bbox 950 1355 982 1407; x_wconf 88' lang='lat' dir='ltr'><strong>et</strong></span> <span class='ocrx_word' id='word_1_102' title='bbox 995 1361 1015 1406; x_wconf 87' lang='lat' dir='ltr'><strong>a</strong></span> <span class='ocrx_word' id='word_1_103' title='bbox 1030 1340 1134 1432; x_wconf 81' lang='lat' dir='ltr'><strong>gratia</strong></span> <span class='ocrx_word' id='word_1_104' title='bbox 1155 1340 1325 1411; x_wconf 86' lang='lat' dir='ltr'><strong>excidunt.</strong></span> 
     </span>
     <span class='ocr_line' id='line_1_13' title="bbox 217 1420 1324 1520; baseline 0.005 -29"><span class='ocrx_word' id='word_1_105' title='bbox 217 1427 304 1491; x_wconf 82' lang='lat' dir='ltr'><strong>Nam</strong></span> <span class='ocrx_word' id='word_1_106' title='bbox 319 1420 418 1504; x_wconf 83' lang='lat' dir='ltr'><strong>ethi,</strong></span> <span class='ocrx_word' id='word_1_107' title='bbox 442 1423 499 1515; x_wconf 91' lang='lat' dir='ltr'><strong>qui</strong></span> <span class='ocrx_word' id='word_1_108' title='bbox 516 1422 597 1492; x_wconf 87' lang='lat' dir='ltr'><strong>votis</strong></span> <span class='ocrx_word' id='word_1_109' title='bbox 613 1423 759 1492; x_wconf 89' lang='lat' dir='ltr'><strong>tribuunt</strong></span> <span class='ocrx_word' id='word_1_110' title='bbox 769 1423 1052 1513; x_wconf 84' lang='lat' dir='ltr'><strong>justificationem,</strong></span> <span class='ocrx_word' id='word_1_111' title='bbox 1075 1424 1223 1495; x_wconf 89' lang='lat' dir='ltr'><strong>tribuunt</strong></span> <span class='ocrx_word' id='word_1_112' title='bbox 1236 1451 1324 1520; x_wconf 91' lang='lat' dir='ltr'><strong>pro-</strong></span> 
     </span>
     <span class='ocr_line' id='line_1_14' title="bbox 204 1505 1324 1604; baseline 0.004 -28"><span class='ocrx_word' id='word_1_113' title='bbox 204 1506 333 1601; x_wconf 77' lang='lat' dir='ltr'><strong>&#39;priiso</strong></span> <span class='ocrx_word' id='word_1_114' title='bbox 358 1505 466 1578; x_wconf 86' lang='lat' dir='ltr'><strong>eribus</strong></span> <span class='ocrx_word' id='word_1_115' title='bbox 480 1507 559 1590; x_wconf 93' lang='lat' dir='ltr'><strong>hoc,</strong></span> <span class='ocrx_word' id='word_1_116' title='bbox 591 1508 679 1602; x_wconf 91' lang='lat' dir='ltr'><strong>quod</strong></span> <span class='ocrx_word' id='word_1_117' title='bbox 694 1507 828 1604; x_wconf 89' lang='lat' dir='ltr'><strong>proprie</strong></span> <span class='ocrx_word' id='word_1_118' title='bbox 845 1507 887 1576; x_wconf 91' lang='lat' dir='ltr'><strong>ad</strong></span> <span class='ocrx_word' id='word_1_119' title='bbox 926 1506 1045 1577; x_wconf 90' lang='lat' dir='ltr'><strong>loriam</strong></span> <span class='ocrx_word' id='word_1_120' title='bbox 1065 1506 1189 1580; x_wconf 76' lang='lat' dir='ltr'><strong>Christi</strong></span> <span class='ocrx_word' id='word_1_121' title='bbox 1213 1511 1324 1603; x_wconf 81' lang='lat' dir='ltr'><strong>pcrti-</strong></span> 
     </span>
     <span class='ocr_line' id='line_1_15' title="bbox 142 1589 1325 1687; baseline 0.006 -30"><span class='ocrx_word' id='word_1_122' title='bbox 142 1639 143 1648; x_wconf 22' lang='grc' dir='ltr'>η</span> <span class='ocrx_word' id='word_1_123' title='bbox 217 1607 281 1662; x_wconf 86' lang='lat' dir='ltr'><strong>net.</strong></span> <span class='ocrx_word' id='word_1_124' title='bbox 355 1615 438 1683; x_wconf 86' lang='lat' dir='ltr'><strong>eque</strong></span> <span class='ocrx_word' id='word_1_125' title='bbox 451 1615 529 1662; x_wconf 82' lang='lat' dir='ltr'><strong>vero</strong></span> <span class='ocrx_word' id='word_1_126' title='bbox 543 1590 656 1683; x_wconf 81' lang='lat' dir='ltr'><strong>negari</strong></span> <span class='ocrx_word' id='word_1_127' title='bbox 670 1609 791 1687; x_wconf 86' lang='lat' dir='ltr'><strong>potest,</strong></span> <span class='ocrx_word' id='word_1_128' title='bbox 815 1591 895 1685; x_wconf 90' lang='lat' dir='ltr'><strong>quin</strong></span> <span class='ocrx_word' id='word_1_129' title='bbox 948 1589 1062 1663; x_wconf 87' lang='lat' dir='ltr'><strong>onachi</strong></span> <span class='ocrx_word' id='word_1_130' title='bbox 1080 1593 1264 1678; x_wconf 78' lang='lat' dir='ltr'>docuerint,</span> <span class='ocrx_word' id='word_1_131' title='bbox 1291 1619 1325 1664; x_wconf 87' lang='lat' dir='ltr'><strong>sc</strong></span> 
     </span>
     <span class='ocr_line' id='line_1_16' title="bbox 214 1675 1326 1772; baseline 0.002 -26"><span class='ocrx_word' id='word_1_132' title='bbox 214 1701 277 1772; x_wconf 89' lang='lat' dir='ltr'><strong>per</strong></span> <span class='ocrx_word' id='word_1_133' title='bbox 288 1689 366 1747; x_wconf 87' lang='lat' dir='ltr'><strong>vota</strong></span> <span class='ocrx_word' id='word_1_134' title='bbox 380 1691 412 1746; x_wconf 88' lang='lat' dir='ltr'><strong>et</strong></span> <span class='ocrx_word' id='word_1_135' title='bbox 427 1675 666 1762; x_wconf 83' lang='lat' dir='ltr'><strong>ohservationes</strong></span> <span class='ocrx_word' id='word_1_136' title='bbox 678 1700 755 1747; x_wconf 87' lang='lat' dir='ltr'><strong>suas</strong></span> <span class='ocrx_word' id='word_1_137' title='bbox 767 1675 939 1767; x_wconf 79' lang='lat' dir='ltr'><strong>justificari</strong></span> <span class='ocrx_word' id='word_1_138' title='bbox 962 1694 993 1746; x_wconf 91' lang='lat' dir='ltr'><strong>ct</strong></span> <span class='ocrx_word' id='word_1_139' title='bbox 1009 1679 1126 1747; x_wconf 88' lang='lat' dir='ltr'><strong>mereri</strong></span> <span class='ocrx_word' id='word_1_140' title='bbox 1146 1679 1326 1750; x_wconf 80' lang='lat' dir='ltr'><strong>remissio·</strong></span> 
     </span>
     <span class='ocr_line' id='line_1_17' title="bbox 174 1757 1324 1856; baseline 0.005 -28"><span class='ocrx_word' id='word_1_141' title='bbox 174 1791 175 1800; x_wconf 47' lang='lat'>¹</span> <span class='ocrx_word' id='word_1_142' title='bbox 216 1786 292 1830; x_wconf 87' lang='lat' dir='ltr'><strong>nem</strong></span> <span class='ocrx_word' id='word_1_143' title='bbox 311 1777 535 1856; x_wconf 85' lang='lat' dir='ltr'><strong>peccatorum,</strong></span> <span class='ocrx_word' id='word_1_144' title='bbox 565 1759 632 1830; x_wconf 92' lang='lat' dir='ltr'><strong>imo</strong></span> <span class='ocrx_word' id='word_1_145' title='bbox 656 1759 852 1836; x_wconf 75' lang='lat' dir='ltr'><strong>affinxerunt</strong></span> <span class='ocrx_word' id='word_1_146' title='bbox 870 1757 1081 1845; x_wconf 79' lang='lat' dir='ltr'>absurdiora,</span> <span class='ocrx_word' id='word_1_147' title='bbox 1106 1760 1265 1852; x_wconf 73' lang='lat' dir='ltr'><strong>dixerunt</strong></span> <span class='ocrx_word' id='word_1_148' title='bbox 1289 1791 1324 1834; x_wconf 90' lang='lat' dir='ltr'><strong>sc</strong></span> 
     </span>
     <span class='ocr_line' id='line_1_18' title="bbox 216 1844 1214 1940; baseline 0.004 -26"><span class='ocrx_word' id='word_1_149' title='bbox 216 1844 291 1914; x_wconf 89' lang='lat' dir='ltr'><strong>aliis</strong></span> <span class='ocrx_word' id='word_1_150' title='bbox 306 1844 450 1916; x_wconf 89' lang='lat' dir='ltr'><strong>mutuari</strong></span> <span class='ocrx_word' id='word_1_151' title='bbox 467 1869 525 1914; x_wconf 87' lang='lat' dir='ltr'><strong>sua</strong></span> <span class='ocrx_word' id='word_1_152' title='bbox 537 1853 644 1940; x_wconf 80' lang='lat' dir='ltr'><strong>opera.</strong></span> <span class='ocrx_word' id='word_1_153' title='bbox 689 1851 777 1915; x_wconf 86' lang='lat' dir='ltr'><strong>Haec</strong></span> <span class='ocrx_word' id='word_1_154' title='bbox 798 1847 827 1916; x_wconf 89' lang='lat' dir='ltr'><strong>si</strong></span> <span class='ocrx_word' id='word_1_155' title='bbox 846 1847 920 1940; x_wconf 88' lang='lat' dir='ltr'><strong>quis</strong></span> <span class='ocrx_word' id='word_1_156' title='bbox 944 1846 1023 1916; x_wconf 83' lang='lat' dir='ltr'><strong>velit</strong></span> <span class='ocrx_word' id='word_1_157' title='bbox 1040 1845 1161 1918; x_wconf 81' lang='lat' dir='ltr'><strong>odiose</strong></span> <span class='ocrx_word' id='word_1_158' title='bbox 1176 1871 1214 1918; x_wconf 83' lang='lat' dir='ltr'><strong>cx</strong></span> 
     </span>
     <span class='ocr_line' id='line_1_19' title="bbox 215 1927 1305 2027; baseline 0.007 -31"><span class='ocrx_word' id='word_1_159' title='bbox 215 1953 308 2012; x_wconf 87' lang='lat' dir='ltr'><strong>rare,</strong></span> <span class='ocrx_word' id='word_1_160' title='bbox 335 1954 434 2020; x_wconf 87' lang='lat' dir='ltr'><strong>quam</strong></span> <span class='ocrx_word' id='word_1_161' title='bbox 452 1928 554 2000; x_wconf 81' lang='lat' dir='ltr'><strong>multa</strong></span> <span class='ocrx_word' id='word_1_162' title='bbox 592 1927 671 2000; x_wconf 87' lang='lat' dir='ltr'><strong>ossit</strong></span> <span class='ocrx_word' id='word_1_163' title='bbox 686 1929 857 2022; x_wconf 80' lang='lat' dir='ltr'><strong>colligere,</strong></span> <span class='ocrx_word' id='word_1_164' title='bbox 886 1933 1108 2025; x_wconf 79' lang='lat' dir='ltr'><strong>quorumjam</strong></span> <span class='ocrx_word' id='word_1_165' title='bbox 1124 1931 1215 2027; x_wconf 82' lang='lat' dir='ltr'><strong>ipsos</strong></span> <span class='ocrx_word' id='word_1_166' title='bbox 1282 1961 1305 2004; x_wconf 91' lang='lat' dir='ltr'><strong>o</strong></span> 
     </span>
     <span class='ocr_line' id='line_1_20' title="bbox 215 2011 1325 2114; baseline 0.007 -34"><span class='ocrx_word' id='word_1_167' title='bbox 215 2011 336 2082; x_wconf 87' lang='lat' dir='ltr'><strong>nachos</strong></span> <span class='ocrx_word' id='word_1_168' title='bbox 363 2015 472 2108; x_wconf 88' lang='lat' dir='ltr'><strong>pudet.</strong></span> <span class='ocrx_word' id='word_1_169' title='bbox 521 2021 559 2084; x_wconf 86' lang='lat' dir='ltr'><strong>A‘</strong></span> <span class='ocrx_word' id='word_1_170' title='bbox 599 2038 653 2084; x_wconf 87' lang='lat' dir='ltr'><strong>aec</strong></span> <span class='ocrx_word' id='word_1_171' title='bbox 682 2033 912 2114; x_wconf 72' lang='lat' dir='ltr'><strong>persuaserunt</strong></span> <span class='ocrx_word' id='word_1_172' title='bbox 940 2011 1145 2099; x_wconf 73' lang='lat' dir='ltr'><strong>hominihus,</strong></span> <span class='ocrx_word' id='word_1_173' title='bbox 1175 2015 1325 2090; x_wconf 81' lang='lat' dir='ltr'><strong>factitias</strong></span> 
     </span>
    </p>
   </div>
   <div class='ocr_carea' id='block_1_7' title="bbox 215 2095 1326 2194">
    <p class='ocr_par' dir='ltr' id='par_1_7' title="bbox 215 2095 1326 2194">
     <span class='ocr_line' id='line_1_21' title="bbox 215 2095 1326 2194; baseline 0.005 -26"><span class='ocrx_word' id='word_1_174' title='bbox 215 2095 391 2190; x_wconf 77' lang='lat' dir='ltr'><strong>religiones</strong></span> <span class='ocrx_word' id='word_1_175' title='bbox 407 2125 475 2170; x_wconf 83' lang='lat' dir='ltr'><strong>esso</strong></span> <span class='ocrx_word' id='word_1_176' title='bbox 489 2116 609 2171; x_wconf 86' lang='lat' dir='ltr'><strong>statum</strong></span> <span class='ocrx_word' id='word_1_177' title='bbox 628 2098 830 2170; x_wconf 78' lang='lat' dir='ltr'><strong>Christianae</strong></span> <span class='ocrx_word' id='word_1_178' title='bbox 844 2099 1061 2194; x_wconf 76' lang='lat' dir='ltr'><strong>perfectionis.</strong></span> <span class='ocrx_word' id='word_1_179' title='bbox 1102 2107 1157 2172; x_wconf 87' lang='lat' dir='ltr'><strong>An</strong></span> <span class='ocrx_word' id='word_1_180' title='bbox 1180 2125 1251 2172; x_wconf 86' lang='lat' dir='ltr'><strong>non</strong></span> <span class='ocrx_word' id='word_1_181' title='bbox 1276 2123 1326 2174; x_wconf 88' lang='lat' dir='ltr'><strong>est</strong></span> 
     </span>
    </p>
   </div>
   <div class='ocr_carea' id='block_1_8' title="bbox 93 2181 1323 2281">
    <p class='ocr_par' dir='ltr' id='par_1_8' title="bbox 93 2181 1323 2281">
     <span class='ocr_line' id='line_1_22' title="bbox 93 2181 1323 2281; baseline 0.009 -33"><span class='ocrx_word' id='word_1_182' title='bbox 93 2251 97 2262; x_wconf 66' lang='grc'><strong>,</strong></span> <span class='ocrx_word' id='word_1_183' title='bbox 215 2181 279 2266; x_wconf 84' lang='lat' dir='ltr'><strong>ho&#39;c</strong></span> <span class='ocrx_word' id='word_1_184' title='bbox 290 2184 560 2281; x_wconf 62' lang='lat' dir='ltr'><strong>justificationem</strong></span> <span class='ocrx_word' id='word_1_185' title='bbox 569 2181 712 2257; x_wconf 72' lang='lat' dir='ltr'><strong>tribuere</strong></span> <span class='ocrx_word' id='word_1_186' title='bbox 727 2181 901 2278; x_wconf 78' lang='lat' dir='ltr'><strong>operibus?</strong></span> <span class='ocrx_word' id='word_1_187' title='bbox 934 2191 1011 2254; x_wconf 90' lang='lat' dir='ltr'><strong>Non</strong></span> <span class='ocrx_word' id='word_1_188' title='bbox 1027 2201 1076 2254; x_wconf 87' lang='lat' dir='ltr'><strong>cst</strong></span> <span class='ocrx_word' id='word_1_189' title='bbox 1087 2183 1158 2254; x_wconf 87' lang='lat' dir='ltr'><strong>leve</strong></span> <span class='ocrx_word' id='word_1_190' title='bbox 1175 2189 1323 2258; x_wconf 84' lang='lat' dir='ltr'><strong>scanda-</strong></span> 
     </span>
    </p>
   </div>
   <div class='ocr_carea' id='block_1_9' title="bbox 92 2267 1355 3541">
    <p class='ocr_par' dir='ltr' id='par_1_9' title="bbox 92 2267 1355 3541">
     <span class='ocr_line' id='line_1_23' title="bbox 215 2267 1324 2368; baseline 0.008 -34"><span class='ocrx_word' id='word_1_191' title='bbox 215 2267 284 2356; x_wconf 84' lang='lat' dir='ltr'><strong>lum</strong></span> <span class='ocrx_word' id='word_1_192' title='bbox 300 2294 334 2336; x_wconf 88' lang='lat' dir='ltr'><strong>m</strong></span> <span class='ocrx_word' id='word_1_193' title='bbox 348 2267 495 2340; x_wconf 83' lang='lat' dir='ltr'><strong>Ecclesia</strong></span> <span class='ocrx_word' id='word_1_194' title='bbox 510 2271 634 2368; x_wconf 92' lang='lat' dir='ltr'><strong>populo</strong></span> <span class='ocrx_word' id='word_1_195' title='bbox 650 2295 711 2366; x_wconf 90' lang='lat' dir='ltr'><strong>pro</strong></span> <span class='ocrx_word' id='word_1_196' title='bbox 735 2295 834 2340; x_wconf 87' lang='lat' dir='ltr'><strong>onere</strong></span> <span class='ocrx_word' id='word_1_197' title='bbox 852 2281 977 2340; x_wconf 61' lang='lat' dir='ltr'><strong>certum,</strong></span> <span class='ocrx_word' id='word_1_198' title='bbox 997 2268 1183 2340; x_wconf 79' lang='lat' dir='ltr'><strong>cultumah</strong></span> <span class='ocrx_word' id='word_1_199' title='bbox 1203 2271 1324 2343; x_wconf 89' lang='lat' dir='ltr'><strong>homi-</strong></span> 
     </span>
     <span class='ocr_line' id='line_1_24' title="bbox 214 2295 1323 2454; baseline 0.005 -32"><span class='ocrx_word' id='word_1_200' title='bbox 214 2351 309 2422; x_wconf 85' lang='lat' dir='ltr'><strong>nihus</strong></span> <span class='ocrx_word' id='word_1_201' title='bbox 325 2355 540 2454; x_wconf 71' lang='lat' dir='ltr'><strong>excogitatum</strong></span> <span class='ocrx_word' id='word_1_202' title='bbox 556 2355 626 2426; x_wconf 88' lang='lat' dir='ltr'><strong>sine</strong></span> <span class='ocrx_word' id='word_1_203' title='bbox 638 2295 790 2425; x_wconf 73' lang='lat' dir='ltr'><strong>mandato</strong></span> <span class='ocrx_word' id='word_1_204' title='bbox 804 2353 883 2434; x_wconf 83' lang='lat' dir='ltr'><strong>Dci;</strong></span> <span class='ocrx_word' id='word_1_205' title='bbox 915 2371 947 2422; x_wconf 88' lang='lat' dir='ltr'><strong>et</strong></span> <span class='ocrx_word' id='word_1_206' title='bbox 959 2355 1095 2440; x_wconf 87' lang='lat' dir='ltr'><strong>docere,</strong></span> <span class='ocrx_word' id='word_1_207' title='bbox 1127 2353 1323 2450; x_wconf 77' lang='lat' dir='ltr'><strong>quodtalis</strong></span> 
     </span>
     <span class='ocr_line' id='line_1_25' title="bbox 214 2437 1322 2543; baseline 0.005 -36"><span class='ocrx_word' id='word_1_208' title='bbox 214 2437 318 2507; x_wconf 85' lang='lat' dir='ltr'><strong>cultus</strong></span> <span class='ocrx_word' id='word_1_209' title='bbox 339 2439 492 2528; x_wconf 76' lang='lat' dir='ltr'><strong>justificet</strong></span> <span class='ocrx_word' id='word_1_210' title='bbox 514 2441 686 2512; x_wconf 76' lang='lat' dir='ltr'><strong>homines?</strong></span> <span class='ocrx_word' id='word_1_211' title='bbox 732 2439 823 2528; x_wconf 85' lang='lat' dir='ltr'><strong>Quia</strong></span> <span class='ocrx_word' id='word_1_212' title='bbox 841 2437 965 2532; x_wconf 85' lang='lat' dir='ltr'><strong>justitia</strong></span> <span class='ocrx_word' id='word_1_213' title='bbox 981 2437 1085 2521; x_wconf 71' lang='lat' dir='ltr'><strong>llidei,</strong></span> <span class='ocrx_word' id='word_1_214' title='bbox 1115 2464 1217 2543; x_wconf 83' lang='lat' dir='ltr'><strong>quam</strong></span> <span class='ocrx_word' id='word_1_215' title='bbox 1242 2468 1322 2512; x_wconf 92' lang='lat' dir='ltr'><strong>ma·</strong></span> 
     </span>
     <span class='ocr_line' id='line_1_26' title="bbox 168 2521 1324 2617; baseline 0.006 -27"><span class='ocrx_word' id='word_1_216' title='bbox 168 2539 171 2547; x_wconf 91' lang='lat'>&#39;</span> <span class='ocrx_word' id='word_1_217' title='bbox 213 2521 299 2592; x_wconf 83' lang='lat' dir='ltr'><strong>xime</strong></span> <span class='ocrx_word' id='word_1_218' title='bbox 314 2541 442 2617; x_wconf 85' lang='lat' dir='ltr'><strong>oportet</strong></span> <span class='ocrx_word' id='word_1_219' title='bbox 453 2526 545 2595; x_wconf 54' lang='lat' dir='ltr'><strong>,tradi</strong></span> <span class='ocrx_word' id='word_1_220' title='bbox 557 2526 591 2595; x_wconf 92' lang='lat' dir='ltr'><strong>in</strong></span> <span class='ocrx_word' id='word_1_221' title='bbox 605 2523 770 2606; x_wconf 82' lang='lat' dir='ltr'><strong>Ecclesia,</strong></span> <span class='ocrx_word' id='word_1_222' title='bbox 798 2524 1008 2614; x_wconf 78' lang='lat' dir='ltr'><strong>obscuratur,</strong></span> <span class='ocrx_word' id='word_1_223' title='bbox 1038 2549 1113 2600; x_wconf 85' lang='lat' dir='ltr'><strong>cum</strong></span> <span class='ocrx_word' id='word_1_224' title='bbox 1127 2523 1203 2596; x_wconf 91' lang='lat' dir='ltr'><strong>1llae</strong></span> <span class='ocrx_word' id='word_1_225' title='bbox 1219 2526 1324 2596; x_wconf 89' lang='lat' dir='ltr'><strong>miri-</strong></span> 
     </span>
     <span class='ocr_line' id='line_1_27' title="bbox 214 2605 1329 2708; baseline 0.007 -34"><span class='ocrx_word' id='word_1_226' title='bbox 214 2609 293 2676; x_wconf 85' lang='lat' dir='ltr'><strong>ficae</strong></span> <span class='ocrx_word' id='word_1_227' title='bbox 310 2607 484 2699; x_wconf 83' lang='lat' dir='ltr'><strong>religiones</strong></span> <span class='ocrx_word' id='word_1_228' title='bbox 499 2608 719 2703; x_wconf 78' lang='lat' dir='ltr'><strong>Angelorum,</strong></span> <span class='ocrx_word' id='word_1_229' title='bbox 747 2607 914 2677; x_wconf 80' lang='lat' dir='ltr'><strong>simulatio</strong></span> <span class='ocrx_word' id='word_1_230' title='bbox 930 2607 1132 2708; x_wconf 67' lang='lat' dir='ltr'><strong>paupertatis</strong></span> <span class='ocrx_word' id='word_1_231' title='bbox 1156 2625 1188 2681; x_wconf 89' lang='lat' dir='ltr'><strong>et</strong></span> <span class='ocrx_word' id='word_1_232' title='bbox 1201 2605 1329 2682; x_wconf 90' lang='lat' dir='ltr'><strong>humi-·</strong></span> 
     </span>
     <span class='ocr_line' id='line_1_28' title="bbox 214 2691 1131 2775; baseline 0.002 -16"><span class='ocrx_word' id='word_1_233' title='bbox 214 2691 335 2775; x_wconf 90' lang='lat' dir='ltr'><strong>litatis,</strong></span> <span class='ocrx_word' id='word_1_234' title='bbox 360 2709 391 2761; x_wconf 89' lang='lat' dir='ltr'><strong>et</strong></span> <span class='ocrx_word' id='word_1_235' title='bbox 405 2693 582 2764; x_wconf 81' lang='lat' dir='ltr'><strong>coelibatus</strong></span> <span class='ocrx_word' id='word_1_236' title='bbox 597 2693 817 2763; x_wconf 81' lang='lat' dir='ltr'><strong>oshtnduntur</strong></span> <span class='ocrx_word' id='word_1_237' title='bbox 829 2691 942 2762; x_wconf 76' lang='lat' dir='ltr'><strong>oculis</strong></span> <span class='ocrx_word' id='word_1_238' title='bbox 950 2692 1131 2764; x_wconf 84' lang='lat' dir='ltr'><strong>hommum.</strong></span> 
     </span>
     <span class='ocr_line' id='line_1_29' title="bbox 208 2775 1324 2880; baseline 0.009 -36"><span class='ocrx_word' id='word_1_239' title='bbox 208 2837 247 2880; x_wconf 39' lang='grc' dir='ltr'><strong>,ί</strong></span> <span class='ocrx_word' id='word_1_240' title='bbox 295 2781 466 2849; x_wconf 82' lang='lat' dir='ltr'><strong>Praeterea</strong></span> <span class='ocrx_word' id='word_1_241' title='bbox 487 2779 707 2852; x_wconf 87' lang='lat' dir='ltr'><strong>obscurantur</strong></span> <span class='ocrx_word' id='word_1_242' title='bbox 730 2793 900 2874; x_wconf 81' lang='lat' dir='ltr'><strong>praecepta</strong></span> <span class='ocrx_word' id='word_1_243' title='bbox 921 2775 1003 2860; x_wconf 90' lang='lat' dir='ltr'><strong>Dei,</strong></span> <span class='ocrx_word' id='word_1_244' title='bbox 1035 2793 1068 2848; x_wconf 89' lang='lat' dir='ltr'><strong>et</strong></span> <span class='ocrx_word' id='word_1_245' title='bbox 1091 2804 1186 2878; x_wconf 74' lang='lat' dir='ltr'><strong>verus</strong></span> <span class='ocrx_word' id='word_1_246' title='bbox 1207 2779 1324 2854; x_wconf 87' lang='lat' dir='ltr'><strong>cultus</strong></span> 
     </span>
     <span class='ocr_line' id='line_1_30' title="bbox 211 2860 1325 2946; baseline 0.006 -16"><span class='ocrx_word' id='word_1_247' title='bbox 211 2860 294 2943; x_wconf 85' lang='lat' dir='ltr'><strong>Dei,</strong></span> <span class='ocrx_word' id='word_1_248' title='bbox 316 2878 390 2932; x_wconf 85' lang='lat' dir='ltr'><strong>curn</strong></span> <span class='ocrx_word' id='word_1_249' title='bbox 405 2863 542 2933; x_wconf 89' lang='lat' dir='ltr'><strong>audiunt</strong></span> <span class='ocrx_word' id='word_1_250' title='bbox 567 2862 735 2946; x_wconf 88' lang='lat' dir='ltr'><strong>homines,</strong></span> <span class='ocrx_word' id='word_1_251' title='bbox 765 2861 852 2932; x_wconf 81' lang='lat' dir='ltr'><strong>solos</strong></span> <span class='ocrx_word' id='word_1_252' title='bbox 876 2863 1056 2932; x_wconf 87' lang='lat' dir='ltr'><strong>Monachus</strong></span> <span class='ocrx_word' id='word_1_253' title='bbox 1079 2887 1207 2932; x_wconf 83' lang='lat' dir='ltr'><strong>essem</strong></span> <span class='ocrx_word' id='word_1_254' title='bbox 1232 2883 1325 2936; x_wconf 85' lang='lat' dir='ltr'><strong>statu</strong></span> 
     </span>
     <span class='ocr_line' id='line_1_31' title="bbox 213 2944 1323 3054; baseline 0.005 -38"><span class='ocrx_word' id='word_1_255' title='bbox 213 2947 441 3042; x_wconf 80' lang='lat' dir='ltr'><strong>perfectionis,</strong></span> <span class='ocrx_word' id='word_1_256' title='bbox 469 2948 547 3046; x_wconf 86' lang='lat' dir='ltr'><strong>quia</strong></span> <span class='ocrx_word' id='word_1_257' title='bbox 564 2947 722 3054; x_wconf 86' lang='lat' dir='ltr'><strong>perfectio</strong></span> <span class='ocrx_word' id='word_1_258' title='bbox 737 2944 924 3016; x_wconf 81' lang='lat' dir='ltr'><strong>Christiana</strong></span> <span class='ocrx_word' id='word_1_259' title='bbox 945 2964 993 3016; x_wconf 87' lang='lat' dir='ltr'><strong>cst</strong></span> <span class='ocrx_word' id='word_1_260' title='bbox 1008 2947 1093 3018; x_wconf 90' lang='lat' dir='ltr'><strong>serio</strong></span> <span class='ocrx_word' id='word_1_261' title='bbox 1113 2947 1229 3018; x_wconf 86' lang='lat' dir='ltr'><strong>timere</strong></span> <span class='ocrx_word' id='word_1_262' title='bbox 1244 2955 1323 3022; x_wconf 91' lang='lat' dir='ltr'><strong>De-</strong></span> 
     </span>
     <span class='ocr_line' id='line_1_32' title="bbox 212 3029 1324 3128; baseline 0.006 -29"><span class='ocrx_word' id='word_1_263' title='bbox 212 3057 288 3122; x_wconf 86' lang='lat' dir='ltr'><strong>um,</strong></span> <span class='ocrx_word' id='word_1_264' title='bbox 316 3048 474 3104; x_wconf 85' lang='lat' dir='ltr'><strong>etrursus</strong></span> <span class='ocrx_word' id='word_1_265' title='bbox 490 3059 656 3128; x_wconf 78' lang='lat' dir='ltr'><strong>concipere</strong></span> <span class='ocrx_word' id='word_1_266' title='bbox 675 3053 826 3122; x_wconf 84' lang='lat' dir='ltr'><strong>magrtam</strong></span> <span class='ocrx_word' id='word_1_267' title='bbox 849 3029 964 3114; x_wconf 87' lang='lat' dir='ltr'><strong>lide&#39;m,</strong></span> <span class='ocrx_word' id='word_1_268' title='bbox 997 3049 1029 3102; x_wconf 90' lang='lat' dir='ltr'><strong>et</strong></span> <span class='ocrx_word' id='word_1_269' title='bbox 1043 3031 1213 3105; x_wconf 77' lang='lat' dir='ltr'><strong>,confidere</strong></span> <span class='ocrx_word' id='word_1_270' title='bbox 1235 3061 1324 3128; x_wconf 87' lang='lat' dir='ltr'><strong>pro-</strong></span> 
     </span>
     <span class='ocr_line' id='line_1_33' title="bbox 92 3115 1325 3270; baseline 0.007 -86"><span class='ocrx_word' id='word_1_271' title='bbox 92 3159 94 3168; x_wconf 68' lang='lat'><strong>,</strong></span> <span class='ocrx_word' id='word_1_272' title='bbox 162 3191 164 3198; x_wconf 19' lang='lat' dir='ltr'>y</span> <span class='ocrx_word' id='word_1_273' title='bbox 238 3132 286 3185; x_wconf 91' lang='lat' dir='ltr'><strong>ter</strong></span> <span class='ocrx_word' id='word_1_274' title='bbox 300 3116 486 3202; x_wconf 84' lang='lat' dir='ltr'><strong>Christum,</strong></span> <span class='ocrx_word' id='word_1_275' title='bbox 515 3119 607 3214; x_wconf 88' lang='lat' dir='ltr'><strong>quod</strong></span> <span class='ocrx_word' id='word_1_276' title='bbox 627 3118 805 3215; x_wconf 78' lang='lat' dir='ltr'><strong>hahepmus</strong></span> <span class='ocrx_word' id='word_1_277' title='bbox 821 3115 1142 3270; x_wconf 35' lang='lat' dir='ltr'><strong>&#39;Deum-placatum,</strong></span> <span class='ocrx_word' id='word_1_278' title='bbox 1170 3133 1325 3212; x_wconf 85' lang='lat' dir='ltr'><strong>peterea</strong></span> 
     </span>
     <span class='ocr_line' id='line_1_34' title="bbox 211 3141 1325 3299; baseline 0.004 -29"><span class='ocrx_word' id='word_1_279' title='bbox 211 3141 304 3286; x_wconf 77' lang='lat' dir='ltr'><strong>heo,</strong></span> <span class='ocrx_word' id='word_1_280' title='bbox 317 3219 348 3276; x_wconf 86' lang='lat' dir='ltr'><strong>et</strong></span> <span class='ocrx_word' id='word_1_281' title='bbox 362 3219 448 3274; x_wconf 87' lang='lat' dir='ltr'><strong>certo</strong></span> <span class='ocrx_word' id='word_1_282' title='bbox 466 3221 629 3299; x_wconf 81' lang='lat' dir='ltr'><strong>expectare</strong></span> <span class='ocrx_word' id='word_1_283' title='bbox 643 3201 802 3292; x_wconf 69' lang='lat' dir='ltr'><strong>aurelium</strong></span> <span class='ocrx_word' id='word_1_284' title='bbox 819 3215 854 3268; x_wconf 82' lang='lat' dir='ltr'><strong>rtt</strong></span> <span class='ocrx_word' id='word_1_285' title='bbox 870 3223 959 3270; x_wconf 75' lang='lat' dir='ltr'><strong>omni</strong></span> <span class='ocrx_word' id='word_1_286' title='bbox 984 3225 1022 3270; x_wconf 92' lang='lat' dir='ltr'><strong>us</strong></span> <span class='ocrx_word' id='word_1_287' title='bbox 1033 3201 1134 3280; x_wconf 29' lang='lat' dir='ltr'><strong>,rebus</strong></span> <span class='ocrx_word' id='word_1_288' title='bbox 1150 3205 1325 3292; x_wconf 76' lang='lat' dir='ltr'><strong>gerendis,</strong></span> 
     </span>
     <span class='ocr_line' id='line_1_35' title="bbox 211 3284 1325 3382; baseline 0.004 -26"><span class='ocrx_word' id='word_1_289' title='bbox 211 3285 303 3376; x_wconf 79' lang='lat' dir='ltr'><strong>juxta</strong></span> <span class='ocrx_word' id='word_1_290' title='bbox 317 3288 530 3358; x_wconf 85' lang='lat' dir='ltr'><strong>vocationem.</strong></span> <span class='ocrx_word' id='word_1_291' title='bbox 547 3288 678 3358; x_wconf 83' lang='lat' dir='ltr'><strong>Interim</strong></span> <span class='ocrx_word' id='word_1_292' title='bbox 693 3285 774 3357; x_wconf 82' lang='lat' dir='ltr'><strong>ioris</strong></span> <span class='ocrx_word' id='word_1_293' title='bbox 793 3284 966 3377; x_wconf 83' lang='lat' dir='ltr'><strong>diligenter</strong></span> <span class='ocrx_word' id='word_1_294' title='bbox 981 3285 1088 3364; x_wconf 78' lang='lat' dir='ltr'><strong>lacere</strong></span> <span class='ocrx_word' id='word_1_295' title='bbox 1100 3285 1188 3356; x_wconf 81' lang='lat' dir='ltr'><strong>bona</strong></span> <span class='ocrx_word' id='word_1_296' title='bbox 1201 3314 1325 3382; x_wconf 87' lang='lat' dir='ltr'><strong>opera,</strong></span> 
     </span>
     <span class='ocr_line' id='line_1_36' title="bbox 161 3367 1326 3466; baseline 0.003 -27"><span class='ocrx_word' id='word_1_297' title='bbox 161 3419 165 3426; x_wconf 86' lang='lat'>-</span> <span class='ocrx_word' id='word_1_298' title='bbox 210 3386 244 3439; x_wconf 87' lang='lat' dir='ltr'><strong>et</strong></span> <span class='ocrx_word' id='word_1_299' title='bbox 259 3371 380 3441; x_wconf 85' lang='lat' dir='ltr'><strong>servire</strong></span> <span class='ocrx_word' id='word_1_300' title='bbox 392 3371 566 3444; x_wconf 86' lang='lat' dir='ltr'><strong>vocationi.</strong></span> <span class='ocrx_word' id='word_1_301' title='bbox 607 3377 646 3440; x_wconf 90' lang='lat' dir='ltr'><strong>ln</strong></span> <span class='ocrx_word' id='word_1_302' title='bbox 661 3369 712 3440; x_wconf 89' lang='lat' dir='ltr'><strong>his</strong></span> <span class='ocrx_word' id='word_1_303' title='bbox 727 3367 824 3439; x_wconf 88' lang='lat' dir='ltr'><strong>rehus</strong></span> <span class='ocrx_word' id='word_1_304' title='bbox 839 3387 887 3442; x_wconf 85' lang='lat' dir='ltr'><strong>est</strong></span> <span class='ocrx_word' id='word_1_305' title='bbox 904 3394 980 3440; x_wconf 85' lang='lat' dir='ltr'><strong>vcra</strong></span> <span class='ocrx_word' id='word_1_306' title='bbox 1000 3371 1177 3466; x_wconf 75' lang='lat' dir='ltr'><strong>perfectio,</strong></span> <span class='ocrx_word' id='word_1_307' title='bbox 1199 3389 1235 3442; x_wconf 87' lang='lat' dir='ltr'><strong>et</strong></span> <span class='ocrx_word' id='word_1_308' title='bbox 1258 3401 1326 3444; x_wconf 87' lang='lat' dir='ltr'><strong>ve-</strong></span> 
     </span>
     <span class='ocr_line' id='line_1_37' title="bbox 210 3453 1355 3541; baseline 0.005 -19"><span class='ocrx_word' id='word_1_309' title='bbox 210 3481 269 3536; x_wconf 76' lang='lat' dir='ltr'><strong>rus</strong></span> <span class='ocrx_word' id='word_1_310' title='bbox 291 3455 396 3527; x_wconf 80' lang='lat' dir='ltr'><strong>cultus</strong></span> <span class='ocrx_word' id='word_1_311' title='bbox 415 3456 497 3541; x_wconf 88' lang='lat' dir='ltr'><strong>Dei,</strong></span> <span class='ocrx_word' id='word_1_312' title='bbox 526 3473 664 3526; x_wconf 74' lang='lat' dir='ltr'><strong>nonest</strong></span> <span class='ocrx_word' id='word_1_313' title='bbox 685 3455 730 3522; x_wconf 75' lang='lat' dir='ltr'><strong>in‘</strong></span> <span class='ocrx_word' id='word_1_314' title='bbox 740 3453 903 3524; x_wconf 83' lang='lat' dir='ltr'><strong>coelibatu</strong></span> <span class='ocrx_word' id='word_1_315' title='bbox 921 3470 979 3524; x_wconf 91' lang='lat' dir='ltr'><strong>aut</strong></span> <span class='ocrx_word' id='word_1_316' title='bbox 1001 3453 1231 3539; x_wconf 79' lang='lat' dir='ltr'><strong>mendrcitatc,</strong></span> <span class='ocrx_word' id='word_1_317' title='bbox 1262 3477 1326 3528; x_wconf 86' lang='lat' dir='ltr'><strong>aut</strong></span> <span class='ocrx_word' id='word_1_318' title='bbox 1354 3479 1355 3496; x_wconf 71' lang='lat'>³</span> 
     </span>
    </p>
   </div>
   <div class='ocr_carea' id='block_1_10' title="bbox 96 3531 1327 3639">
    <p class='ocr_par' dir='ltr' id='par_1_10' title="bbox 96 3531 1327 3639">
     <span class='ocr_line' id='line_1_38' title="bbox 96 3531 1327 3639; baseline -0.001 -26"><span class='ocrx_word' id='word_1_319' title='bbox 96 3531 120 3574; x_wconf 62' lang='lat'><strong>&#39;·</strong></span> <span class='ocrx_word' id='word_1_320' title='bbox 209 3556 298 3613; x_wconf 84' lang='lat' dir='ltr'><strong>veste</strong></span> <span class='ocrx_word' id='word_1_321' title='bbox 312 3541 453 3612; x_wconf 87' lang='lat' dir='ltr'><strong>sordida.</strong></span> <span class='ocrx_word' id='word_1_322' title='bbox 496 3535 953 3639; x_wconf 32' lang='lat' dir='ltr'><strong>Verumvpopulusnconpipit</strong></span> <span class='ocrx_word' id='word_1_323' title='bbox 974 3537 1096 3637; x_wconf 69' lang='lat' dir='ltr'><strong>multas</strong></span> <span class='ocrx_word' id='word_1_324' title='bbox 1113 3539 1327 3632; x_wconf 87' lang='lat' dir='ltr'><strong>perniciosas</strong></span> 
     </span>
    </p>
   </div>
   <div class='ocr_carea' id='block_1_11' title="bbox 175 3617 1327 4315">
    <p class='ocr_par' dir='ltr' id='par_1_11' title="bbox 175 3617 1327 4315">
     <span class='ocr_line' id='line_1_39' title="bbox 210 3617 1327 3727; baseline -0.001 -28"><span class='ocrx_word' id='word_1_325' title='bbox 210 3625 379 3727; x_wconf 85' lang='lat' dir='ltr'><strong>opiniones</strong></span> <span class='ocrx_word' id='word_1_326' title='bbox 395 3653 434 3697; x_wconf 86' lang='lat' dir='ltr'><strong>ex</strong></span> <span class='ocrx_word' id='word_1_327' title='bbox 445 3624 513 3696; x_wconf 90' lang='lat' dir='ltr'><strong>illis</strong></span> <span class='ocrx_word' id='word_1_328' title='bbox 537 3621 634 3696; x_wconf 83' lang='lat' dir='ltr'><strong>falsis</strong></span> <span class='ocrx_word' id='word_1_329' title='bbox 652 3647 832 3719; x_wconf 75' lang='lat' dir='ltr'><strong>praeconiis</strong></span> <span class='ocrx_word' id='word_1_330' title='bbox 852 3617 935 3692; x_wconf 84' lang='lat' dir='ltr'><strong>ntae</strong></span> <span class='ocrx_word' id='word_1_331' title='bbox 955 3625 1166 3722; x_wconf 67' lang='lat' dir='ltr'><strong>Monastrcae.</strong></span> <span class='ocrx_word' id='word_1_332' title='bbox 1207 3627 1327 3700; x_wconf 88' lang='lat' dir='ltr'><strong>Audit</strong></span> 
     </span>
     <span class='ocr_line' id='line_1_40' title="bbox 198 3707 1326 3788; baseline -0.002 -5"><span class='ocrx_word' id='word_1_333' title='bbox 198 3735 281 3788; x_wconf 57' lang='lat' dir='ltr'><strong>‘sine</strong></span> <span class='ocrx_word' id='word_1_334' title='bbox 293 3711 393 3782; x_wconf 89' lang='lat' dir='ltr'><strong>modo</strong></span> <span class='ocrx_word' id='word_1_335' title='bbox 409 3711 537 3782; x_wconf 86' lang='lat' dir='ltr'><strong>laudari</strong></span> <span class='ocrx_word' id='word_1_336' title='bbox 551 3709 761 3787; x_wconf 69' lang='lat' dir='ltr'><strong>coelibatum</strong></span> <span class='ocrx_word' id='word_1_337' title='bbox 785 3707 858 3776; x_wconf 88' lang='lat' dir='ltr'><strong>idco</strong></span> <span class='ocrx_word' id='word_1_338' title='bbox 877 3733 951 3778; x_wconf 89' lang='lat' dir='ltr'><strong>cum</strong></span> <span class='ocrx_word' id='word_1_339' title='bbox 973 3707 1156 3780; x_wconf 83' lang='lat' dir='ltr'><strong>ollensrone</strong></span> <span class='ocrx_word' id='word_1_340' title='bbox 1183 3713 1326 3782; x_wconf 88' lang='lat' dir='ltr'><strong>consci-</strong></span> 
     </span>
     <span class='ocr_line' id='line_1_41' title="bbox 208 3791 1326 3889; baseline -0.002 -21"><span class='ocrx_word' id='word_1_341' title='bbox 208 3795 314 3868; x_wconf 89' lang='lat' dir='ltr'><strong>entiae</strong></span> <span class='ocrx_word' id='word_1_342' title='bbox 330 3811 476 3866; x_wconf 87' lang='lat' dir='ltr'><strong>vcrsatur</strong></span> <span class='ocrx_word' id='word_1_343' title='bbox 490 3795 525 3864; x_wconf 90' lang='lat' dir='ltr'><strong>in</strong></span> <span class='ocrx_word' id='word_1_344' title='bbox 537 3792 702 3886; x_wconf 83' lang='lat' dir='ltr'><strong>conjugio.</strong></span> <span class='ocrx_word' id='word_1_345' title='bbox 742 3791 848 3870; x_wconf 85' lang='lat' dir='ltr'><strong>Audit</strong></span> <span class='ocrx_word' id='word_1_346' title='bbox 858 3791 947 3862; x_wconf 85' lang='lat' dir='ltr'><strong>solos</strong></span> <span class='ocrx_word' id='word_1_347' title='bbox 963 3791 1132 3864; x_wconf 88' lang='lat' dir='ltr'><strong>mendicos</strong></span> <span class='ocrx_word' id='word_1_348' title='bbox 1148 3817 1222 3862; x_wconf 89' lang='lat' dir='ltr'><strong>esse</strong></span> <span class='ocrx_word' id='word_1_349' title='bbox 1234 3820 1326 3889; x_wconf 88' lang='lat' dir='ltr'><strong>per-</strong></span> 
     </span>
     <span class='ocr_line' id='line_1_42' title="bbox 175 3875 1325 3971; baseline -0.002 -19"><span class='ocrx_word' id='word_1_350' title='bbox 175 3899 177 3910; x_wconf 80' lang='grc'><strong>“</strong></span> <span class='ocrx_word' id='word_1_351' title='bbox 208 3883 325 3965; x_wconf 83' lang='lat' dir='ltr'><strong>sectos,</strong></span> <span class='ocrx_word' id='word_1_352' title='bbox 344 3882 419 3956; x_wconf 88' lang='lat' dir='ltr'><strong>ideo</strong></span> <span class='ocrx_word' id='word_1_353' title='bbox 436 3904 510 3950; x_wconf 89' lang='lat' dir='ltr'><strong>cum</strong></span> <span class='ocrx_word' id='word_1_354' title='bbox 524 3879 704 3954; x_wconf 82' lang='lat' dir='ltr'><strong>offensione</strong></span> <span class='ocrx_word' id='word_1_355' title='bbox 719 3875 930 3946; x_wconf 83' lang='lat' dir='ltr'><strong>conscientiae</strong></span> <span class='ocrx_word' id='word_1_356' title='bbox 944 3875 1062 3948; x_wconf 86' lang='lat' dir='ltr'><strong>retine‘t</strong></span> <span class='ocrx_word' id='word_1_357' title='bbox 1075 3877 1325 3971; x_wconf 89' lang='lat' dir='ltr'><strong>possessiones,</strong></span> 
     </span>
     <span class='ocr_line' id='line_1_43' title="bbox 207 3959 1325 4062; baseline -0.002 -26"><span class='ocrx_word' id='word_1_358' title='bbox 207 3967 418 4057; x_wconf 60' lang='lat' dir='ltr'><strong>negotiatur:</strong></span> <span class='ocrx_word' id='word_1_359' title='bbox 442 3963 548 4038; x_wconf 85' lang='lat' dir='ltr'><strong>Audit</strong></span> <span class='ocrx_word' id='word_1_360' title='bbox 559 3959 732 4036; x_wconf 90' lang='lat' dir='ltr'><strong>consilium</strong></span> <span class='ocrx_word' id='word_1_361' title='bbox 745 3960 977 4054; x_wconf 84' lang='lat' dir='ltr'><strong>Erangdicum</strong></span> <span class='ocrx_word' id='word_1_362' title='bbox 999 3986 1068 4048; x_wconf 84' lang='lat' dir='ltr'><strong>esse</strong></span> <span class='ocrx_word' id='word_1_363' title='bbox 1088 3961 1218 4062; x_wconf 60' lang='lat' dir='ltr'><strong>dgr-porr</strong></span> <span class='ocrx_word' id='word_1_364' title='bbox 1237 3962 1325 4034; x_wconf 79' lang='lat' dir='ltr'><strong>vin-</strong></span> 
     </span>
     <span class='ocr_line' id='line_1_44' title="bbox 207 4045 1325 4144; baseline -0.003 -23"><span class='ocrx_word' id='word_1_365' title='bbox 207 4051 364 4134; x_wconf 87' lang='lat' dir='ltr'><strong>dicando,</strong></span> <span class='ocrx_word' id='word_1_366' title='bbox 384 4049 458 4120; x_wconf 90' lang='lat' dir='ltr'><strong>ideo</strong></span> <span class='ocrx_word' id='word_1_367' title='bbox 473 4047 530 4135; x_wconf 83' lang='lat' dir='ltr'><strong>alii</strong></span> <span class='ocrx_word' id='word_1_368' title='bbox 544 4048 580 4118; x_wconf 87' lang='lat' dir='ltr'><strong>in</strong></span> <span class='ocrx_word' id='word_1_369' title='bbox 592 4049 720 4144; x_wconf 81' lang='lat' dir='ltr'><strong>privata</strong></span> <span class='ocrx_word' id='word_1_370' title='bbox 732 4045 798 4116; x_wconf 91' lang='lat' dir='ltr'><strong>vita</strong></span> <span class='ocrx_word' id='word_1_371' title='bbox 814 4071 882 4118; x_wconf 89' lang='lat' dir='ltr'><strong>non</strong></span> <span class='ocrx_word' id='word_1_372' title='bbox 894 4061 1046 4117; x_wconf 85' lang='lat' dir='ltr'><strong>verentur</strong></span> <span class='ocrx_word' id='word_1_373' title='bbox 1059 4045 1189 4132; x_wconf 74' lang='lat' dir='ltr'><strong>ulcisci,</strong></span> <span class='ocrx_word' id='word_1_374' title='bbox 1212 4051 1325 4118; x_wconf 87' lang='lat' dir='ltr'><strong>audi-</strong></span> 
     </span>
     <span class='ocr_line' id='line_1_45' title="bbox 207 4129 1324 4231; baseline 0 -25"><span class='ocrx_word' id='word_1_375' title='bbox 207 4135 366 4206; x_wconf 89' lang='lat' dir='ltr'><strong>untenim</strong></span> <span class='ocrx_word' id='word_1_376' title='bbox 382 4132 652 4216; x_wconf 66' lang='lat' dir='ltr'><strong>consiliumne,</strong></span> <span class='ocrx_word' id='word_1_377' title='bbox 674 4157 742 4202; x_wconf 89' lang='lat' dir='ltr'><strong>non</strong></span> <span class='ocrx_word' id='word_1_378' title='bbox 757 4156 872 4226; x_wconf 85' lang='lat' dir='ltr'><strong>praece</strong></span> <span class='ocrx_word' id='word_1_379' title='bbox 896 4147 976 4201; x_wconf 85' lang='lat' dir='ltr'><strong>tum.</strong></span> <span class='ocrx_word' id='word_1_380' title='bbox 1016 4129 1082 4202; x_wconf 83' lang='lat' dir='ltr'><strong>Alii</strong></span> <span class='ocrx_word' id='word_1_381' title='bbox 1097 4156 1210 4231; x_wconf 73' lang='lat' dir='ltr'><strong>omnes</strong></span> <span class='ocrx_word' id='word_1_382' title='bbox 1229 4159 1324 4230; x_wconf 67' lang='lat' dir='ltr'><strong>rna-,-</strong></span> 
     </span>
     <span class='ocr_line' id='line_1_46' title="bbox 208 4213 1270 4315; baseline -0.006 -19"><span class='ocrx_word' id='word_1_383' title='bbox 208 4221 362 4313; x_wconf 80' lang='lat' dir='ltr'><strong>gistratur</strong></span> <span class='ocrx_word' id='word_1_384' title='bbox 377 4236 409 4294; x_wconf 89' lang='lat' dir='ltr'><strong>ct</strong></span> <span class='ocrx_word' id='word_1_385' title='bbox 420 4216 529 4296; x_wconf 74' lang='lat' dir='ltr'><strong>civilia</strong></span> <span class='ocrx_word' id='word_1_386' title='bbox 543 4217 651 4296; x_wconf 81' lang='lat' dir='ltr'><strong>officia</strong></span> <span class='ocrx_word' id='word_1_387' title='bbox 662 4214 857 4315; x_wconf 74' lang='lat' dir='ltr'><strong>judicantia</strong></span> <span class='ocrx_word' id='word_1_388' title='bbox 893 4239 958 4311; x_wconf 73' lang='lat' dir='ltr'><strong>gna</strong></span> <span class='ocrx_word' id='word_1_389' title='bbox 972 4213 1270 4304; x_wconf 78' lang='lat' dir='ltr'><strong>esseChristraurs.</strong></span> 
     </span>
    </p>
   </div>
   <div class='ocr_carea' id='block_1_12' title="bbox 0 0 1380 4902">
    <p class='ocr_par' dir='ltr' id='par_1_12' title="bbox 0 0 1380 4902">
     <span class='ocr_line' id='line_1_47' title="bbox 0 0 1380 4902; baseline 0 2"><span class='ocrx_word' id='word_1_390' title='bbox 0 0 1380 4902; x_wconf 95' lang='lat' dir='ltr'><strong> </strong></span> 
     </span>
    </p>
   </div>
  </div>
 </body>
</html>
