2548 4906
332 341 336 368 t
381 299 647 376 Confessionts:
974 298 1061 398 ,153

16 482 252 564 etiamsinon
268 480 404 550 satisfiat
424 477 512 562 illis,
542 503 685 634 puerum
706 498 757 550 nes
780 495 953 572 occupatas
968 495 1063 568 tene·
1135 487 1137 494 ’

16 597 58 640 us.
95 566 272 646 Nenenim,
290 579 366 639 tue
389 563 478 646 dolet
498 587 532 632 se
562 582 696 638 uratum
721 588 810 648 esse,
839 581 896 634 aut
915 591 950 636 ra
976 567 1064 638 uisse

17 707 25 738 ,
52 650 374 746 quiadbncfuratur.
417 650 593 741 'l'antisper
616 648 703 719 enim
721 649 777 718 fur
794 666 853 719 aut
889 589 990 736 raeda
1005 669 1064 736 est,

14 767 55 808 rm
69 753 113 808 est
128 739 266 828 injustus
283 757 447 826 possessor
469 733 592 816 alienae
609 735 667 824 rei.
712 731 828 806 Civilis
850 673 909 806 illa
932 736 1064 810 satissa-

14 825 41 895 io
55 823 225 892 necessaria
242 835 310 901 est,
339 821 414 914 quia
432 819 587 970 scrippum
602 836 666 890 est:
698 820 767 907 Qui
784 819 910 902 furatus
927 839 985 908 est,
1006 825 1065 892 de-

15 933 83 999 ceps
105 932 168 979 non
191 905 325 974 furetur.
370 907 504 972 itemC
528 921 730 996 rysostoruus
759 903 880 997 inquit:
912 907 948 975 in
970 908 1066 980 corde

13 992 141 1075 mtritio,
170 990 204 1056 in
219 989 474 1082 orecenfessio,
490 987 542 1056 'iu
558 1013 654 1082 opere
680 1005 749 1060 tota
773 988 951 1062 humilitas.
995 997 1068 1064 Hoc
1153 999 1155 1004 ’

16 1077 183 1146 bileontra
200 1099 258 1144 nos
273 1074 372 1154 facim
406 1072 644 1167 debent-sequi
666 1073 874 1176 bonaopara
897 1075 1067 1168 poeniten-
1092 1123 1096 1132 ·
1178 1131 1184 1140 .

12 1189 73 1245 am,
108 1161 201 1230 debet
227 1157 431 1263 poenitentia
455 1183 638 1254 essesuon
664 1157 852 1246 simulatio,
885 1161 943 1232 sed
965 1163 1068 1232 totius

11 1265 60 1318 tae
77 1247 209 1316 mutatio
225 1271 261 1317 m
277 1243 403 1314 melius.
603 1303 605 1310 .
1167 1313 1169 1321 ,

61 1333 157 1414 Item,
188 1333 303 1402 Patres
322 1329 471 1422 scribunt
486 1328 565 1401 satis
583 1353 671 1413 esse,
699 1327 728 1398 si
745 1327 844 1400 semel
865 1330 900 1400 in
919 1330 991 1414 ,rita
1012 1333 1071 1404 fiat

10 1444 32 1489 a
47 1415 175 1510 publica
190 1441 247 1502 seu
265 1413 409 1484 solennis
426 1413 643 1504 poenitentia,
676 1415 717 1484 de
731 1440 795 1508 qua
814 1433 890 1486 sunt
909 1415 987 1489 facti
1002 1419 1070 1503 Ca·-¹

10 1529 77 1573 ›nes
94 1481 360 1570 satisfactionum.
390 1504 569 1586 Quaene
583 1497 723 1600 intelligi
737 1515 863 1590 potest,
886 1502 980 1594 quod
995 1528 1081 1578 sen-.
1104 1529 1111 1536 ·

9 1583 181 1658 ebantillos
202 1587 353 1656 Cauones
375 1609 441 1653 non
464 1609 533 1654 esse
558 1607 757 1664 necessarios
779 1585 830 1655 ad*
844 1585 1071 1664 remissionem

9 1688 187 1744 tenatorum.
229 1675 318 1738 Nam
344 1685 473 1762 praeter
497 1667 589 1740 illam
619 1665 789 1741 solennem
822 1670 1072 1762 poenitentiam,

8 1781 75 1848 repe
85 1754 170 1828 ,alias
187 1755 305 1854 yolunt
320 1753 554 1846 poenitentiam,
566 1753 641 1846 atgi,
669 1755 809 1834 ubinon
823 1755 1074 1852 requirebantur

9 1865 127 1912 anonas
141 1840 409 1910 satisfactionum.
466 1855 470 1870 '
1053 1907 1058 1910 .

62 1924 234 1995 Architecti
251 1923 481 1998 confutationis
494 1925 658 2006 scribunt,
688 1945 755 1996 non
769 1951 837 1996 esse
853 1923 1075 2010 tolerandum,

7 2010 262 2094 isatis'lactiones
285 2025 399 2080 contra
424 2013 610 2164 oppressum
631 2010 848 2102 Evangelium
870 2003 1075 2082 aboleantur.

6 2107 48 2168 'os
66 2096 77 2164 i
101 2097 167 2166 itur
180 2095 337 2166 hactenus
355 2111 446 2172 osten
473 2095 570 2178 imus,
592 2093 776 2182 Canonicas
790 2095 864 2164 illas
876 2095 1077 2180 satisfactio.-

6 2182 65 2265 es,'
79 2122 146 2252 boc
159 2197 228 2264 est,
252 2205 351 2274 opera
368 2206 436 2250 non
452 2178 577 2263 debita,
607 2179 758 2250 socienda
768 2205 832 2272 pro
858 2197 904 2250 ter
917 2203 1076 2274 compen·
1132 2235 1133 2242 .

5 2269 138 2338 itionem
152 2287 276 2416 poenae
291 2291 358 2337 non
372 2264 491 2334 babere
504 2263 696 2334 mandatum
709 2204 895 2356 Evangelii.
926 2271 991 2334 Res
1005 2265 1078 2368 ipsa

5 2380 42 2424 oc
59 2368 150 2421 osten
175 2351 221 2432 it,
239 2351 268 2420 si
283 2374 383 2442 opera
398 2349 657 2420 satisfactionum
670 2366 780 2438 sunto
806 2375 860 2418 era
874 2375 941 2420 non
959 2351 1079 2436 debrta,

4 2462 83 2506 nare
106 2433 250 2525 allegant.
268 2459 455 2534 expressum
476 2435 741 2524 Evangeliuml.
797 2454 850 2504 am
873 2433 903 2502 si
925 2437 1078 2526 Evange-

4 2547 64 2592 um
78 2521 206 2614 juberet
217 2543 419 2610 compensari
436 2543 557 2614 poenas
570 2543 629 2612 per
642 2519 723 2590 talia
736 2543 834 2612 opera
844 2571 869 2618 t.
882 2522 953 2620 jam
975 2536 1082 2591 essent
1138 2527 1151 2564 ·’
1213 2533 1215 2540 ’

4 2607 93 2680 abita
109 2629 129 2674 o
172 2631 225 2684 ra;
255 2608 313 2676 sed
330 2604 376 2674 sic
392 2603 592 2698 loquuntur,
621 2621 657 2674 ut
673 2603 785 2674 fucum
806 2603 927 2675 sacrant
943 2606 1081 2698 imperi·
1130 2651 1132 2658 ›

4 2720 28 2776 s,
54 2707 89 2760 et
101 2690 133 2760 al
149 2709 245 2782 egent
258 2690 456 2772 testimonia,
480 2713 562 2784 quae
581 2691 620 2760 de
634 2688 754 2759 debitis
770 2689 921 2792 operibus
935 2689 1081 2784 loquuu-
1102 2708 1104 2714 '

4 2806 46 2859 tr,
69 2802 144 2846 cum
157 2776 222 2868 ipsi
238 2775 274 2844 in
290 2776 357 2847 suis
372 2774 649 2846 satisfactionibus
664 2776 884 2866 praescribant
899 2799 998 2866 opera
1014 2802 1082 2845 non

4 2856 102 2932 abita.
145 2869 217 2930 Imo
234 2863 297 2961 ipsi
313 2861 491 2932 concedunt
503 2860 537 2938 in
555 2858 688 2942 scholis,
712 2859 782 2930 sine
795 2875 925 2950 peccato
938 2861 1084 2930 rec'usari

4 2971 79 3016 osse
106 2945 352 3016 satisfactiones.
394 2944 492 3015 Falso
513 2943 615 3034 igitur
630 2943 689 3016 'bic
714 2941 880 3028 scribunt,
909 2947 1000 3046 quod
1026 2973 1083 3014 ex-

4 3051 95 3103 resso
110 3029 292 3118 Evangelio
306 3043 461 3119 cogamur
473 3029 710 3100 satisfactiones
723 3027 795 3114 illas
812 3031 992 3098 Canomeas
1008 3055 1083 3098 sus-

8 3137 101 3205 pere.
147 3115 322 3182 Caeterum
339 3140 399 3184 nos
413 3139 515 3207 saepe*
525 3119 593 3209 jam
610 3113 718 3190 testati
733 3139 862 3204 sumus,
916 3116 981 3182 uod
1004 3139 1086 3206 poe-

4 3196 121 3270 itentia
140 3198 255 3268 debeat
265 3199 372 3268 botros
392 3199 515 3270 fruetus
530 3225 665 3300 parere,
695 3214 727 3297 et
750 3199 809 3294 qui
826 3198 893 3298 sint
936 3199 991 3271 oni
1012 3201 1086 3280 fru-

4 3310 73 3366 us,
102 3285 223 3355 docent
238 3284 404 3363 mandata,
426 3285 576 3356 videlicet
590 3301 768 3368 mvocatro,
790 3283 1086 3376 gratiarumactio,
1112 3360 1114 3368 ,
1152 3287 1156 3312 ¹
1243 3328 1246 3336 ,

4 3367 148 3440 ›nfessio
168 3367 356 3460 Evangelii,
387 3369 503 3467 docere
524 3368 758 3470 Evangelium„
787 3370 1088 3462 obedire'parenti-

4 3480 41 3525 us
61 3469 166 3522 etms
193 3455 380 3536 istratibus,
410 3473 727 3538 servirenoeatrom,
752 3478 819 3524 non
834 3453 997 3540 occidere,
1022 3482 1089 3526 non

4 3539 125 3610 :tinere
144 3481 239 3620 odia,
264 3541 329 3626 ,sed
342 3565 414 3612 ¹esse
427 3538 638 3633 placabilem,
665 3539 745 3626 dare
770 3541 961 3631 egentibus,
983 3565 1089 3635 quan-

4 3650 56 3694 tm
74 3623 360 3718 profacultdtibus
374 3649 559 3716 possumus,
581 3651 648 3694 non
660 3627 809 3706 scortari,
831 3651 898 3695 non
913 3625 1090 3710 moechari,
1127 3685 1131 3696 .

4 3710 41 3778 ed
61 3733 232 3792 coercere,
256 3717 293 3778 et'
304 3711 487 3791 refrenare,
520 3711 676 3802 castigare
689 3713 851 3792 carnem,
867 3735 934 3779 non
982 3737 1017 3779 ro
1042 3727 1092 3782 ter
1135 3723 1139 3730 ’
1239 3777 1245 3790 ,

4 3792 288 3882 ›mpensationem
309 3817 433 3885 poenae
452 3811 623 3876 aeternae,
654 3795 711 3866 sed
733 3817 775 3864 ne
795 3733 997 3885 obtemperlt
1018 3735 1040 3866 d

4 3875 86 3958 nlo,
119 3899 161 3944 ne
177 3877 326 3948 offendat
344 3879 507 3970 Spiritum
521 3897 679 3966 sanctum,
702 3882 779 3948 item
796 3889 873 3951 vera
890 3882 1005 3950 dicere.
1049 3882 1094 3952 Hi

4 3973 120 4048 pctus
133 3961 257 4060 habent
269 3979 441 4056 praecepta
463 3963 545 4048 Dei,
574 3980 607 4035 et
629 3980 764 4056 propter
785 3964 926 4059 gloriam
945 3983 977 4035 et
997 3990 1095 4036 man-
1191 3985 1199 3996 ·

4 4062 103 4144 atu-m
122 4050 188 4116 De'r
202 4048 274 4118 fieri
290 4049 433 4132 debent,
458 4049 582 4120 babent
596 4066 629 4120 et
644 4049 799 4140 praemia.
842 4053 909 4122 Sed
922 4053 1012 4147 quod
1029 4075 1096 4121 non

4 4146 207 4211 tfflttte'ffltur
246 4157 346 4207 uenae
360 4151 529 4222 aeternae,
562 4134 628 4204 nisi
641 4151 773 4240 propter
798 4137 1096 4228 compensationem
1138 4195 1140 4199 .

4 4231 159 4290 tatarum
176 4231 225 4290 tra
251 4217 391 4296 'donum
410 4235 468 4292 eut
490 4219 701 4322 purgatorii,
724 4217 785 4294 bur
806 4247 873 4294 nou
901 4224 996 4295 docet
1016 4219 1096 4294 scri-
1170 4224 1178 4243 “

1041 3794 1093 3866 ia-
1196 3879 1202 3884 ¹
