2602 4888
53 777 57 790 ’
169 827 176 844 ,
204 755 429 859 ‘capacitatem
441 761 515 830 vide

120 1285 124 1300 ι
210 1205 322 1262 cetur.

213 315 294 430 lpd
390 417 394 424 ,
552 323 728 404 termus
748 321 990 400 Concordiae.
1064 279 1073 318 ς
1175 397 1179 414 ,

137 521 141 529 “
219 523 404 602 eurmptam
421 531 501 592 esse.
543 508 650 596 Aiunt
665 500 770 587 enim,
791 497 958 574 bominem
974 499 1273 576 ex'naturalimtiri·

222 611 288 668 tate
306 593 413 662 adhuc
425 587 555 687 aliquid
568 589 667 672 boni,
691 589 1012 682 quantulumcunque
1029 589 1140 670 etiarn,
1164 601 1193 656 et
1224 611 1273 656 uan

220 677 439 760 minutulum,
467 675 618 829 exignum
634 690 730 766 atque
747 689 843 748 tenue
860 673 898 742 'id
915 675 975 752 sit,
997 673 1159 766 reliquum
1175 612 1272 742 haiae:

532 761 646 837 icet‚a
674 757 863 841 titudinem,
885 757 1105 838 habilitatem,
1125 755 1273 851 potentian,

188 875 191 882 ·
221 868 255 924 et
274 849 359 917 vires
381 845 526 939 aliquas,
564 845 600 912 in
621 785 720 912 reims
742 869 757 912 s
783 841 966 912 iritualibus
989 841 1114 938 aliquid
1135 839 1274 920 inchoandi,

222 931 396 1030 operandi,
426 946 482 998 aut
504 927 710 1024 cooperandi.
754 869 855 1016 &uod
871 953 947 997 vero
965 928 1166 1020 adlexterua,
1186 941 1274 1024 tenpo-

134 1109 137 1114 .
221 1021 323 1100 ralia,
345 1014 427 1085 etad
441 1013 528 1083 huno
540 1013 699 1082 mundum
713 1011 908 1107 pertinentia
924 1013 1074 1105 negotia,
1097 1036 1178 1104 quae
1191 1009 1273 1078 rationi

123 1155 131 1174 s
222 1106 365 1196 subjecta
389 1115 483 1183 sunt,
515 1097 648 1183 attinet,
679 1095 785 1168 debis
805 1097 1074 1193 insequentibus
1098 1093 1231 1165 articulis
1245 1094 1283 1160 diu

307 1276 396 1340 Haec
424 1286 520 1363 atque
542 1267 641 1362 hujus
665 1268 793 1357 generis
809 1265 950 1353 ,veritati
979 1266 1144 1337 contraria
1167 1265 1275 1354 dogmat

155 1406 158 1412 ·
223 1383 295 1432 eam
322 1357 366 1424 ob
389 1380 517 1424 causam
536 1353 819 1450 reprehenduntur,
839 1351 1097 1444 etrejicinntpr,
1128 1351 1284 1447 quiaserlo,

222 1443 361 1514 Domini
375 1441 545 1520 docemur,
566 1439 655 1532 quud
674 1454 828 1532 corrupta
843 1455 958 1506 natura
973 1463 1010 1506 ex
1025 1463 1079 1520 se,
1109 1454 1143 1506 et
1155 1436 1215 1504 suis
1227 1415 1284 1500 riri-l

223 1529 304 1610 bus,
325 1525 362 1594 in
377 1526 473 1594 robus
488 1520 713 1618 spiritualibus
732 1537 763 1590 et
781 1522 916 1606 divinis,
936 1522 1023 1590 'nihil
1037 1523 1131 1604 boni,
1152 1537 1183 1590 et
1194 1545 1227 1588 ne
1240 1519 1275 1585 ni·

222 1613 352 1684 nimum
368 1609 512 1703 quidem,
527 1623 651 1701 utpote,
667 1606 751 1674 ullas
765 1607 869 1678 bonas
886 1606 1098 1698 cogitationes
1107 1605 1225 1676 habeat.
1238 1609 1276 1672 tr-

223 1725 286 1794 quo
299 1697 335 1764 id
348 1694 458 1775 modo,
479 1694 536 1762 sed
553 1693 690 1790 insuper
704 1690 803 1760 etiarn
826 1709 989 1762 asserunt:
1036 1691 1102 1762 uod
1116 1705 1226 1760 natura
1235 1712 1275 1758 cor-

222 1799 320 1876 rupta
332 1807 370 1850 ex
386 1803 433 1862 se,
455 1792 487 1847 et
502 1776 628 1848 viribus
647 1775 714 1846 suis
730 1799 840 1872 coram
854 1781 927 1846 Deo
943 1718 1033 1848 nihii
1041 1775 1146 1861 aliud,
1167 1775 1224 1844 nisi
1234 1797 1276 1868 pes·

28 1897 32 1904 ·
144 1909 147 1912 ·
225 1893 297 1940 care
335 1863 424 1933 ussit.

306 2035 314 2048 ι
341 1972 396 2018 era
413 1961 519 2016 autem
534 1945 614 2018 baec
630 1945 775 2016 doctriua
792 1946 892 2016 etiarn
917 1943 958 2016 ab
978 1944 1080 2018 altera
1097 1953 1195 2041 {parte
1209 1959 1285 2032 sonu,

223 2033 490 2110 Manichaeorum
502 2057 628 2102 errores
643 2033 745 2125 probe
764 2031 940 2105 munienda
962 2047 1021 2100 cst.
1062 2036 1176 2120 Quare
1198 2029 1277 2097 hares

103 2103 123 2124 ‘
135 2118 155 2204 ⁹,
226 2117 350 2194 similia
363 2113 429 2186 alia
444 2113 529 2186 laisa
546 2116 588 2186 do
645 2131 700 2188 ata
714 2118 920 2208 rejiciuntur,
942 2132 995 2186 ut:
1021 2119 1126 2206 Quod
1137 2113 1222 2186 initio
1235 2109 1277 2205 qni·

106 2589 112 2610 s
195 2631 198 2639 Δ
226 2547 391 2620 miscetur.

59 3169 64 3180 .
130 3111 131 3116 s
230 3057 323 3144 Quin

226 2207 302 2278 dem
320 2201 465 2272 bumana
477 2216 594 2270 natura
629 2223 691 2270 ona
707 2217 739 2270 et
751 2207 870 2298 pnra‘n
891 2205 965 2270 Deo
990 2217 1097 2272 creata
1121 2201 1182 2270 sit:
1207 2219 1277 2266 veni

224 2295 295 2386 jam
335 2304 386 2357 ost
399 2285 545 2380 lapsum,
567 2286 762 2360 'extrinsecus
782 2302 953 2380 peccatum¹
967 2285 1130 2376 originale
1149 2288 1277 2376 (tanquan

226 2315 384 2474 quiddam
399 2371 583 2468 essentiale)
615 2395 675 2466 per
697 2374 852 2442 Satanam
874 2369 910 2439 in
934 2387 1085 2464 naturam
1106 2373 1278 2446 inlusumt

226 2487 301 2536 cum
316 2483 354 2530 oa
367 2458 567 2562 pepnixtum
588 2456 649 2540 sit,
677 2451 955 2550 quemadmodum
978 2481 1141 2526 venenum
1164 2456 1231 2523 rino
1246 2449 1277 2517 ad

288 2655 289 2662 ¹
310 2627 384 2697 Etsi
400 2624 487 2694 enim
507 2623 542 2694 in
555 2626 682 2696 Adamo
701 2638 733 2696 et
756 2630 865 2713 Hera,
886 2645 1004 2698 natura
1017 2615 1112 2700 initio
1130 2648 1227 2720 pura,
1246 2619 1279 2687 ts»

187 2765 190 2772 .
226 2729 314 2786 raet
329 2727 438 2782 sancta
453 2727 559 2780 creata
574 2727 638 2791 est;
662 2727 769 2780 tamen
784 2738 844 2806 per
859 2709 891 2780 la
916 2739 988 2782 sum
1035 2727 1180 2780 cecatum
1199 2723 1278 2798 nortl

183 2881 185 2884 ¹
226 2799 326 2871 modo
341 2797 487 2890 ipsorum
500 2812 649 2866 naturam
668 2793 804 2880 invasit,
827 2801 877 2885 (nt
953 2737 1077 2867 niciaei
1100 2794 1237 2864 furenter
1251 2788 1279 2854 d·

226 2885 357 2972 xerunt)
375 2879 468 2974 quasi
486 2885 588 2950 Satan
602 2878 736 2974 aliquod
751 2879 874 2950 malum
890 2878 1103 2952 substantiale
1118 2884 1279 2958 creassent

226 2969 417 3048 formasset,
451 2980 484 3036 et
508 2963 592 3034 illud
620 2991 695 3034 cum
723 2980 841 3034 natura
871 2965 1022 3062 ipsorum
1056 2962 1278 3034 commiscuisset

371 3051 455 3122 otius
476 3075 550 3120 cum
573 3050 760 3140 seductione
781 3053 946 3134 Satanae,
978 3049 1206 3146 perlapsum,
1228 3046 1279 3136 jusit

200 3165 204 3174 ’
225 3137 290 3212 Dei
307 3076 429 3234 ‘udicio
443 3135 494 3224 (in
504 3157 650 3230 ,poenam
663 3133 847 3218 hominum)
863 3135 987 3231 justitia
1000 3150 1171 3206 concreata
1184 3139 1280 3221 senou-

228 3227 306 3330 gina
322 3221 350 3292 is
364 3243 485 3291 amissa
500 3235 598 3304 esset,
624 3219 752 3290 delectu
771 3217 832 3290 illo
842 3270 867 3306 ,‚
883 3219 1086 3317 privatione,
1122 3229 1181 3289 s'eu
1197 3210 1279 3310 spol?

137 3379 139 3386 s
227 3327 334 3390 none,
355 3323 388 3377 et
400 3303 621 3378 vulneratione
645 3313 798 3400 (quorum
818 3305 985 3376 malorum
1009 3310 1113 3391 Satan
1132 3323 1223 3374 cansa
1244 3293 1278 3372 all

229 3392 375 3466 bumana
389 3405 525 3480 natura,
554 3415 593 3460 eo
614 3391 732 3474 modo,
751 3414 828 3484 *quo
850 3414 951 3488 supra
976 3387 1137 3479 diximus,
1170 3397 1279 3482 persua

230 3495 265 3570 et
275 3490 427 3568 corrupta
441 3487 506 3544 est:
530 3489 568 3544 nt
579 3477 646 3568 jani
659 3487 793 3559 natura,
813 3497 878 3545 una
894 3499 967 3546 cum
980 3473 1038 3546 illo
1062 3472 1186 3544 delectu
1199 3483 1226 3538 et
1236 3486 1278 3533 ur·

229 3559 400 3660 ruptione,
420 3559 464 3630 ad
479 3583 592 3630 omnes
606 3555 776 3643 homines,
799 3558 858 3654 qui
879 3559 1019 3630 naturali
1039 3559 1141 3629 modo
1163 3569 1278 3650 apertu

231 3646 318 3718 tibus
339 3641 568 3738 concipiuntur
588 3657 621 3712 et
643 3657 837 3728 nascuntur,
871 3643 1091 3714 haereditario
1112 3649 1278 3738 propagetur·

231 3736 314 3804 Post
324 3727 458 3822 lapsum
481 3727 570 3820 enim
590 3730 659 3824 jam
680 3725 824 3797 humana
848 3744 967 3804 natura
988 3737 1058 3798 don
1071 3749 1161 3834 pura
1182 3739 1210 3792 et
1225 3721 1278 3788 hun

190 3847 192 3854 ¹
232 3813 378 3913 primum
388 3827 542 3911 ‚meatum
573 3831 605 3884 et
629 3811 745 3882 deinde
767 3813 901 3898 demum
914 3837 975 3908 per
994 3809 1134 3906 originis
1154 3818 1278 3904 peccatu1

200 3975 203 3984 ,
232 3913 466 3990 corrumpitur:
489 3895 602 3968 sedin
625 3896 733 3992 primo
755 3895 978 3992 conceptionis
1001 3915 1134 3968 nostrae
1155 3897 1278 3982 monuit

230 3985 340 4082 ipsum
358 4005 485 4064 semen,
508 4007 547 4052 ex
560 4005 626 4076 quo
650 3979 750 4050 bomo
765 3982 944 4064 formatur,
973 3997 1104 4078 peccato
1121 3989 1278 4051 connum*

231 4086 303 4142 tum
316 4081 555 4164 et-corruptum
576 4081 636 4138 est.
676 4063 794 4138 Etboc
819 4063 979 4159 originale
998 4081 1162 4161 peccatum
1182 4063 1277 4152 nonunt

233 4151 394 4249 quiddam
431 4175 467 4220 m
489 4161 640 4236 natura,
665 4149 719 4221 sel
739 4167 829 4220 entra
846 4165 997 4222 naturam
1016 4147 1159 4248 coempti
1169 4146 1275 4230 boma!

232 4264 295 4339 per
310 4261 347 4312 se
360 4234 766 4344 absumendosque
786 4245 835 4312 'est
854 4233 999 4316 leoninis
1019 4248 1160 4332 wnupfl
1177 4237 1275 4326 9¹⁰1st
