2610 4900
207 299 298 459 dipl
401 439 404 444 ,
552 353 803 458 Cuteehisnaus
828 363 961 462 major.
1054 383 1062 423 t
1142 315 1146 324 ·

167 551 173 575 ‘
204 555 298 612 tenus
322 549 390 612 tarn
420 557 555 626 maenas
586 565 639 613 res
663 541 829 630 effecisse,
876 541 1088 616 inimicorum
1113 557 1275 614 nestr'mum

196 625 348 712 ,comiliis
371 621 595 712 discutiendis,
623 626 754 700 insidiis
776 627 982 718 detegendis,
1011 629 1161 703 caedibus
1179 626 1277 697 tollen*

13 743 14 750 ¹
112 775 116 786 ,
204 713 274 792 dis,
296 711 513 784 seditionibus
534 711 737 785 clanculariis
760 739 780 784 o
805 715 984 808 primendis
1007 731 1041 784 et
1057 711 1276 804 extinguendis,

203 797 323 892 quibus
341 797 503 868 Diabolus
518 811 581 867 nus
594 821 661 868 una
676 825 751 870 cum
774 739 957 890 ivangelio
972 798 1102 894 penitus
1117 797 1277 892 opprimere

203 881 382 984 cqgitabat,
404 883 468 952 nisi
480 883 609 977 aliquot
628 882 809 977 proborum
831 909 869 954 ae
891 885 1024 978 piorum
1048 883 1219 980 bominum·
1232 883 1277 950 eb-

200 983 334 1038 strnsset
346 967 471 1049 oratio,
500 989 538 1038 ac
558 984 715 1062 tanquam
735 995 849 1039 murus
863 980 982 1044 aeneus
996 993 1030 1037 se
1044 973 1276 1060 interposuisses

187 1057 308 1124 -et'nbs
324 1051 540 1138 defendisset?
567 1052 704 1148 Alioqui
727 1065 761 1124 et
785 1053 850 1148 ipsi
871 1053 1052 1126 adversarii
1074 1051 1179 1138 nostri
1201 1051 1276 1142 lunge

135 1204 138 1212 ,
199 1137 416 1207 cruentiorem
436 1138 637 1228 tragoediam
652 1137 826 1223 vidissent,
848 1139 1017 1240 quomode
1039 1136 1275 1236 nempelliabu-
1298 1227 1299 1230 Ἴ

11 1249 22 1310 '.
78 1277 126 1300 s,
199 1221 252 1292 lus
272 1237 375 1292 totam
393 1222 607 1294 Germaniam
621 1223 657 1292 in
680 1247 741 1292 suo
763 1250 901 1320 proprio
922 1222 1081 1314 sanguine
1103 1221 1276 1320 submersis-

144 1381 148 1390 ,
191 1323 258 1398 set.
301 1311 398 1378 Nunc
413 1332 492 1377 vero
515 1307 599 1379 salse
617 1307 696 1377 haec
715 1307 768 1382 illi
788 1325 821 1379 et
843 1310 1041 1381 confidentes
1059 1308 1191 1379 rideant
1212 1307 1275 1386 lieet,

201 1410 234 1463 et
255 1417 317 1498 pro
342 1391 486 1466 ludibrio
510 1392 664 1470 babeant:
694 1413 760 1482 nos
775 1409 884 1464 minen
896 1409 937 1464 et
957 1393 1055 1488 ipsis,
1086 1409 1120 1468 et
1130 1389 1275 1488 ‘Diabolm

106 1489 109 1496 '
134 1553 139 1566 ⁸
201 1475 304 1549 solius
319 1475 478 1548 orationis
498 1478 700 1548 adminiculo
714 1496 764 1550 sat
777 1479 879 1550 fortes
893 1477 1026 1559 erimus,
1048 1477 1226 1550 dummodo
1238 1475 1273 1543 di-

121 1585 126 1593 ’
165 1563 169 1582 “
196 1562 569 1653 ligenterora'verimus',
591 1565 778 1664 necsegnes
793 1564 870 1634 facti
890 1562 1063 1658 ⁸luerirnus.
1103 1561 1275 1654 Ubicunque

197 1650 284 1719 enim
324 1646 423 1728 rubus
438 1671 476 1718 ac
491 1647 565 1741 pius
583 1646 788 1732 Christianus
804 1663 892 1722 orata
921 1646 1069 1720 coelestis
1089 1671 1129 1719 ac
1145 1645 1228 1718 omui
1249 1672 1274 1713 o-

198 1751 267 1804 tens
312 1749 400 1820 ater,
423 1747 725 1827 precor,e1ttuam
748 1734 949 1813 voluntatem
964 1733 1045 1802 ‘lieri
1068 1733 1180 1828 sinps3
1206 1672 1273 1800 ilico

135 1820 138 1830 ’
196 1819 231 1886 in
247 1816 381 1888 sublimi
393 1817 684 1914 respondctDcus:
699 1819 822 1914 optime
836 1817 894 1899 lili,
907 1816 1003 1911 plane
1016 1817 1152 1891 hoctiui
1162 1827 1273 1914 petsua-

139 1966 142 1973 ,
197 1902 274 1975 deas
289 1903 449 1984 futurum,
466 1901 509 1971 ad
522 1903 760 1972 retundendam
772 1903 908 1974 Diaboli
920 1903 1108 1996 ‘mundique
1131 1905 1272 1974 ferociam.

243 2005 246 2017 '
280 1993 441 2058 Hactnus
461 1986 539 2056 haec
553 1987 707 2060 monendi
724 1987 827 2079 gratia
846 1989 931 2058 dicta
951 1989 1034 2074 sint,
1064 2003 1102 2060 ut
1124 2005 1198 2058 aute
1220 2014 1273 2056 on-

194 2073 252 2142 nia
277 2073 439 2148 discamus
461 2074 643 2144 orationem
668 2073 905 2163 magnifacere,
944 2097 1086 2166 veroque
1107 2073 1272 2143 discrimine

193 2158 375 2228 discernere
390 2157 562 2228 verbosum
581 2156 830 2252 multiloquium
845 2157 886 2229 ab
908 2157 1057 2236 oratione
1080 2157 1211 2254 aliqmd
1228 2184 1271 2251 pe

193 2259 293 2314 teuto.
336 2249 553 2347 Nequaquam
570 2245 658 2311 enim
674 2241 875 2337 precationes
891 2241 1068 2335 rejicimus,
1092 2268 1209 2313 verum
1223 2267 1270 2311 nou

80 2329 83 2338 ’
122 2343 127 2378 a
192 2329 256 2414 nisi
281 2355 370 2398 mere
397 2327 549 2400 mutilem
571 2327 667 2396 illum
688 2329 825 2400 boatum
842 2353 882 2400 ac
903 2353 1054 2398 murmur
1077 2328 1270 2398 damnamus:

114 2459 115 2462 =
191 2413 469 2512 quemadmodum
482 2414 551 2506 ipse
570 2413 701 2508 quoque
719 2411 869 2506 Christus
886 2412 920 2480 iu
944 2412 1090 2482 oratione
1116 2413 1270 2484 molestam

79 2543 86 2564 ,
191 2503 278 2570 etad
294 2495 542 2570 ostentationem
556 2498 776 2592 compositam
785 2495 996 2588 battologiam
1012 2499 1198 2572 damnatae
1210 2521 1271 2594 pm-

134 2591 139 2600 '
190 2581 291 2654 hibet.
333 2583 631 2676 Jamreroip'sam
653 2582 833 2654 orationem
855 2583 1037 2654 abeodem
1060 2583 1161 2653 nobis
1186 2581 1269 2654 tradi-

190 2683 256 2736 tam
278 2669 398 2762 paueis
429 2667 655 2746 tractabimus,
693 2681 846 2762 utquam
869 2667 940 2736 fieri
969 2661 1074 2762 potest
1095 2669 1269 2738 clarissime.

189 2757 274 2823 Sunt
287 2769 395 2836 autem
412 2750 446 2819 iu'
463 2751 513 2820 his
527 2768 649 2847 septem
667 2752 812 2822 articulis
827 2752 894 2822 sire
908 2752 1156 2850 precationibus
1178 2776 1268 2823 omues

126 2922 128 2926 ι
152 2919 156 2928 ¹
188 2838 389 2907 necessitates
407 2837 520 2906 ordine
534 2836 803 2933 comprehensae,
827 2861 910 2931 quae
932 2837 1028 2908 nobis
1051 2839 1192 2908 subinde
1209 2864 1267 2908 con-

158 2947 162 2955 ·
189 2924 337 3011 tingunt,
359 2939 391 2994 et
405 2945 618 3016 unaquaeque
633 2921 750 2990 barum
764 2926 811 2990 ita
831 2945 952 3012 magna
975 2938 1024 2991 cst
1046 2939 1078 2992 et
1100 2926 1266 2998 vehemens

149 3004 223 3114 'tut
241 3033 279 3090 ea
294 3034 354 3103 per
367 3026 499 3079 omnem
511 3010 611 3078 vitam
626 3023 772 3079 nostram
783 3005 826 3076 ad
845 3008 1010 3092 orandum
1018 3007 1214 3104 impellendi
1228 3031 1266 3076 es-

138 3155 141 3162 .
186 3119 305 3165 senam.

155 3179 160 3208 ,
209 3187 211 3194 ,

414 3343 417 3348 Δ
462 3261 480 3351 ἶ
527 3251 936 3396 emmanuelque.

289 3437 543 3515 Sanctificetur
561 3463 705 3538 ‚nomen
729 3453 844 3511 tuum.

234 3610 340 3699 filice
360 3601 530 3700 aliquanto
555 3603 725 3676 obscurius
743 3605 864 3677 dictum
883 3616 951 3686 est,
980 3629 1040 3674 nec
1062 3603 1260 3705 significanter

17 3720 20 3732 ’
63 3731 67 3739 =
101 3755 104 3764 ,
182 3699 380 3786 expressum.
430 3690 492 3758 Lin
519 3715 559 3759 ua
584 3691 673 3760 enim
694 3689 789 3758 nobis
814 3689 984 3760 vernacula
1006 3689 1053 3758 ita
1078 3692 1258 3760 duceremus.

184 3775 341 3845 Caelestis
357 3781 463 3860 Pater,
483 3717 676 3868 linquaeso,
702 3791 737 3844 ut
753 3789 881 3843 tentum
898 3791 1257 3850 uomentuumsanctun

177 3862 234 3949 sit.
258 3862 348 3950 Quid
365 3887 441 3948 crgo
458 3861 519 3930 sibi
536 3860 604 3928 vult
618 3860 697 3928 haec
714 3860 836 3942 oratio,
859 3875 895 3927 ut
911 3885 1031 3928 nomen
1044 3862 1116 3951 ejus
1132 3877 1257 3930 sanetum

181 3947 258 4019 liat?
302 3953 354 4016 An
376 3969 443 4014 non
465 3963 559 4014 antea
584 3957 729 4014 sanctum
751 3951 822 4012 est?
865 3943 1068 4034 Responsio:
1105 3951 1175 4016 lmo
1198 3964 1256 4010 reru

119 4049 136 4106 ,·
180 4058 350 4127 nunquam
368 4057 435 4100 non
448 4041 594 4103 sanctum
612 4047 662 4097 est
676 4028 710 4095 in
727 4053 786 4096 sua
801 4029 957 4111 essentia,
988 4045 1022 4099 at
1036 4027 1072 4098 in
1089 4055 1148 4100 usu
1162 4029 1254 4124 dostru

179 4134 326 4186 sanctum
354 4141 422 4186 non
448 4133 503 4186 est.
524 4123 528 4128 ’
571 4113 635 4184 Dei
660 4113 747 4181 enim
770 4139 888 4182 nomen
910 4113 1006 4182 nubis
1033 4115 1144 4184 datum
1164 4131 1193 4183 et
1210 4135 1252 4178 ru-

178 4203 285 4274 ditum
316 4217 381 4281 ese,
410 4218 629 4302 posteaquam
657 4198 843 4267 *Christiani
870 4199 951 4276 sueti
978 4216 1011 4268 et
1037 4199 1189 4294 baptizati
1206 4219 1252 4264 su-

87 4302 90 4322 *
172 4315 271 4377 ¹assus,
302 4305 338 4362 ut
360 4284 421 4358 lilia
443 4285 505 4357 Ilei
530 4309 698 4370 vocemur,
730 4300 762 4355 et
782 4300 983 4356 sacramenta
1003 4281 1250 4374 habeamusque
