2618 4902
376 139 394 155 'l

324 207 326 216 ι
404 165 426 215 xr

390 331 402 393 ·.
430 283 691 376 celassem.
792 305 840 404 χ
937 291 974 407 ‘J
1040 293 1151 400 ree·

15 480 117 550 :ulum
142 495 314 563 nostrum,
344 481 372 548 si
397 477 602 570 intelligatur
625 479 666 550 de
687 473 953 572 particularibus¹
967 473 1104 557 ritibum
1138 477 1153 552 ‘.

15 569 44 634 le
60 563 300 638 universalibus
313 563 454 646 ritibus,
483 590 551 634 non
574 566 639 634 reci
664 563 745 632 iunt.
787 565 864 630 Non
887 563 965 630 satis
981 559 1103 631 intelli-

15 653 135 740 gimus,
167 649 247 754 quid
260 647 364 720 velint
379 645 567 720 adversarii.
606 591 679 720 Niis
696 649 845 729 devera,
867 645 930 715 hoc
945 661 1008 728 est,
1030 670 1046 713 s
1071 645 1101 713 i-

15 736 119 810 ituali
134 750 258 804 unitate
274 732 463 836 loquimur,
489 733 560 803 sine
582 759 648 828 qua
662 757 729 801 non
745 746 854 832 potest
874 731 1007 803 existere
1022 673 1102 800 fides

15 850 38 890 n
54 819 179 903 corde,
205 844 264 888 seu
278 819 527 916 Justrtrarcordis
546 841 657 889 coram
670 823 755 905 Deo.
797 817 852 887 Ad
862 813 948 885 hanc
964 815 1101 886 dicimus
1207 831 1209 836 ’

15 932 73 975 ron
96 931 166 974 esse
196 917 411 974 necessariam
441 901 689 972 similitudinem
716 903 842 971 rituun‘i
866 897 1100 985 humanorum,
1176 969 1188 978 „

15 991 71 1059 ‚ive
87 988 321 1058 unitersalium
337 987 406 1056 sive
422 987 679 1088 particularium,
702 985 779 1081 quia
798 984 925 1080 justitia
938 985 1016 1055 fidei
1031 1011 1099 1056 non

15 1091 54 1146 est
66 1073 191 1167 justitia
204 1073 338 1162 alligata
361 1089 456 1142 certis
478 1073 725 1158 traditionibus,
757 1071 839 1142 sicut
861 1069 991 1162 justitia
1016 1070 1047 1139 le
1071 1071 1080 1086 '
1149 1075 1158 1086 “

15 1177 73 1230 erat
87 1158 224 1259 alligata
246 1153 402 1228 Mosaicis
423 1157 632 1241 ceremoniis,
648 1158 737 1258 ¹quia
757 1155 820 1244 illa
841 1154 968 1254 justitia
989 1181 1046 1226 cor
1069 1155 1098 1226 is

15 1259 52 1313 st
66 1270 117 1313 res
135 1243 303 1312 vivificans
318 1241 427 1312 corda.
471 1243 526 1312 Ad
543 1241 627 1312 hanc
641 1239 889 1318 vivificationem
909 1238 994 1310 mlril
1016 1265 1114 1312 cena·⁴

15 1331 127 1400 lucent
141 1326 306 1396 humanae
325 1327 534 1410 traditiones,
563 1327 631 1399 sire
654 1323 871 1414 unicornui,
898 1325 965 1396 sive
986 1325 1114 1424 parti-¹

16 1412 136 1501 ulares,
159 1438 218 1484 nee
235 1429 311 1480 sunt
329 1411 463 1482 effectus
479 1411 623 1506 Spiritus
636 1409 858 1495 sanctiiraicut
871 1408 1012 1495 castitas,
1033 1413 1099 1506 pa-‘

15 1500 142 1584 ientia,
159 1497 261 1567 timor
278 1496 361 1580 Dei,
383 1497 514 1567 dilectio
529 1497 690 1592 proximi,
713 1514 858 1591 etopera
869 1494 1063 1567 dilectionis.

84 1591 153 1654 Nec
166 1583 253 1676 leves
269 1606 384 1652 causae
399 1581 550 1666 suerunt,
578 1601 636 1651 cur
654 1581 743 1671 hunc
761 1579 936 1652 articulum
950 1606 1093 1675 ponere-

15 1697 84 1740 nus.
128 1670 266 1738 Constet
279 1667 365 1736 enirn
386 1667 505 1738 multas
519 1665 633 1738 stultas
651 1695 670 1738 ο
685 1666 823 1748 ,iniones
846 1666 886 1736 dc
904 1665 1094 1736 traditioni-

15 1775 61 1823 tus
80 1779 131 1823 ser
156 1752 238 1820 sisse
262 1752 298 1819 in
319 1751 508 1822 Ecclesiam.
549 1693 712 1822 Nonnulli
759 1767 949 1835 utaverunt,
973 1750 1094 1820 huma-

15 1865 59 1908 ras
77 1855 125 1906 tra
152 1838 268 1907 'tiones
287 1838 485 1908 necessarios
503 1838 608 1906 cultus
626 1853 702 1908 esse
717 1777 760 1907 ad
775 1837 1023 1931 promerendam
1036 1836 1101 1928 ju-

15 1923 235 1995 tificatienem.
278 1926 324 1992 Et
345 1939 458 2016 postea
480 1921 741 2017 disputaverim,
768 1921 838 2016 ·qui
860 1922 970 2005 lieret,
1001 1923 1092 2015 quod

15 2027 91 2080 anta
107 2006 263 2078 'varietate
278 2006 439 2077 coleretur
449 2013 560 2095 Deus,
592 2008 777 2102 quasivero
791 2005 1091 2096 observationesiL

15 2119 45 2164 te
61 2109 170 2164 essent
184 2091 307 2176 eultm,
339 2109 371 2162 et
386 2119 454 2162 uon
469 2093 580 2189 potius
593 2110 744 2162 externae
765 2110 798 2162 et
818 2090 972 2184 politicae
998 2090 1091 2160 ordi-
1140 2155 1142 2162 ,

15 2182 165 2262 oriones,
187 2176 274 2246 nihil
295 2178 338 2245 ad
358 2179 521 2268 justitiam
543 2178 652 2249 cordis
670 2195 730 2248 seu
751 2177 878 2251 cultum
901 2175 965 2244 Dei
985 2176 1092 2270 perti-

15 2281 129 2348 ,entes,
158 2287 243 2356 quae
258 2260 445 2347 alibi'casu,
474 2263 554 2332 alibi
570 2281 706 2358 propter
723 2263 882 2354 quasdam
902 2259 1091 2355 probabiles
1138 2296 1141 2304 ·

15 2347 294 2428 ationesvarianti
334 2351 418 2418 Item
431 2347 515 2418 aliae
531 2347 724 2438 Ecclesiae,
754 2347 849 2421 alias,
877 2361 990 2439 repter
1008 2345 1098 2414 tales

15 2431 189 2504 reditiones
209 2433 587 2517 excommunicaveiunt,
619 2450 658 2504 ut
703 2449 813 2526 repter
831 2371 1090 2501 oiserrationeln
1147 2439 1150 2448 '

16 2517 184 2601 eschaetis,
206 2519 348 2613 picmras
363 2534 395 2587 et
407 2545 460 2589 res
475 2517 609 2588 similes.
684 2519 747 2588 nde
763 2515 912 2611 imperiti
926 2513 1090 2608 existima·
1114 2526 1117 2530 ’
1158 2524 1161 2531 “

16 2619 129 2688 erunt,
156 2604 256 2672 fidem
269 2628 330 2672 scu·
342 2601 504 2696 justitiam
522 2604 630 2674 cordis
650 2629 763 2676 coram
782 2608 876 2684 Deo,
906 2625 973 2668 nen
994 2624 1090 2694 posse
1195 2627 1198 2634 ⁴

16 2691 132 2760 sistere
147 2687 217 2776 sine
233 2686 285 2764 his
296 2687 590 2761 observationibus.
618 2694 740 2760 Extant
754 2687 842 2760 eni'rn
854 2689 895 2757 de
908 2684 972 2763 hoo
985 2708 1090 2776 nego·
1106 2728 1110 2734 ·

19 2801 39 2845 ο
57 2774 164 2844 multa
179 2774 290 2865 inepta
301 2773 422 2876 scripta
438 2774 694 2852 Surnrnistarurn
712 2789 745 2842 et
757 2772 911 2844 alierum.

81 2859 147 2930 Sed
160 2859 244 2927 sicut
259 2859 430 2930 dissimilia
448 2858 553 2954 spatia
575 2861 706 2932 dierum
718 2883 757 2928 ac
772 2857 916 2928 noctium
937 2882 1005 2926 non
1018 2856 1089 2928 lae-

21 2960 78 3011 unt
90 2946 249 3012 unitatem
262 2942 444 3026 Ecclesiae,
476 2945 526 3014 ita
535 2945 696 3014 sentimus
710 2969 778 3026 non
789 2943 875 3012 laedi
888 2967 998 3010 reram
1010 2943 1108 3011 uni--
1164 2998 1168 3010 ,

16 3043 96 3096 atem
109 3025 273 3095 Ecclesiae
294 3026 508 3098 dissimilibus
523 3030 642 3100 ritibus
658 3027 813 3097 institutis
834 3027 876 3098 ab
890 3027 1089 3096 hominibus.

16 3117 198 3210 luapquam
212 3109 321 3204 placet
335 3106 449 3196 uoltis,
476 3131 513 3182 ut
529 3113 728 3200 universales
745 3112 828 3180 ritus
844 3128 980 3207 propter
995 3127 1098 3182 tran-s

19 3197 197 3294 urllrtatem
222 3214 400 3294 serventup.
442 3199 534 3270 Sicut
565 3217 596 3270 et
618 3224 679 3269 nes
707 3198 743 3268 in
767 3195 919 3266 Ecclesiis
943 3196 1091 3270 ordinem

17 3283 131 3364 rissae,
164 3281 253 3350 diem
278 3281 510 3366 Dominicum,
539 3284 669 3356 etalies
689 3283 760 3355 dies
779 3281 879 3354 festos
900 3281 1091 3352 celebriores
1138 3359 1141 3366 ,

18 3367 133 3438 benter
147 3390 334 3448 servamus,
358 3383 391 3436 et
405 3366 592 3459 gratissimo
606 3374 718 3438 animo
742 3366 970 3462 amplectimur
993 3367 1091 3436 utiles

17 3470 171 3536 repeteres
184 3451 426 3536 ordinationes,
455 3454 648 3550 praesertim
673 3480 747 3523 eum
768 3455 953 3546 pertineant
969 3453 1091 3546 paeda-

18 3534 147 3625 ogiam,
175 3561 242 3630 qua
255 3535 390 3628 prodest
409 3537 575 3634 populum
595 3557 628 3609 et
645 3536 814 3633 imperitos
838 3535 1038 3612 assuefacere
1054 3561 1092 3606 ac
1129 3533 1144 3552 ⁸

17 3647 122 3692 ocere.
165 3622 234 3691 Sed
254 3647 322 3692 non
344 3623 548 3719 disputamus
574 3651 673 3708 nunc,
709 3649 753 3692 an
776 3624 941 3708 conducat.
957 3639 1093 3716 propter

17 3704 262 3804 :anquillitatem
276 3725 335 3778 aot
347 3709 553 3812 corporalem
566 3709 743 3778 utilitatem
751 3732 900 3795 serrare.
941 3709 1016 3775 Alia
1039 3716 1117 3795 res·

17 3806 114 3876 gitur.
157 3797 355 3888 Disputatur
366 3821 475 3877 enim,
497 3812 607 3866 utrum
622 3793 865 3866 observationes
879 3791 1092 3862 traditionum

19 3897 213 3946 umanarum
230 3879 412 3962 srnteultus
439 3879 611 3950 necessarii
632 3879 676 3950 ad
696 3877 857 3971 justitiam
881 3883 1093 3947 coramDeo.
1161 3935 1164 3942 ,

17 3962 69 4038 loc
78 3959 336 4050 estapwdpeeor
351 3963 386 4032 in
400 3963 462 4033 hac
476 3965 704 4046 conuoversia,
728 3988 793 4056 quo
808 3962 981 4038 constituto
996 3977 1098 4056 post-¹

18 4067 33 4110 a
46 4043 190 4143 judicari
199 4063 326 4144 potest,
354 4061 473 4117 utrum'
485 4051 528 4120 ad
542 4077 652 4120 veram
671 4045 829 4118 unitatem
843 4046 1007 4118 Ecclesiae
1027 4073 1089 4118 ιιι-

18 4141 80 4196 esse
96 4146 140 4199 stt
153 4129 275 4224 uhrque
288 4133 413 4204 similes
429 4159 497 4205 esse
512 4134 705 4205 traditiones
726 4131 898 4201 humanas.
941 4131 980 4204 Si
1003 4131 1089 4220 enim
1164 4193 1169 4200 .

18 4214 184 4285 'aditiones
200 4213 361 4290 humanae
375 4243 442 4290 non
457 4237 537 4298 sunt
553 4222 660 4306 cultus
675 4217 848 4289 necessarii
866 4221 908 4286 ad
930 4216 1095 4310 justitiam
1146 4278 1149 4284 .
1206 4215 1213 4234 ”
