2750 4902
673 363 865 489 Confessio

541 555 601 629 IV.
651 554 710 658 De
740 551 991 632 Confessione.
1043 625 1045 630 .
1087 585 1089 594 ·
1140 577 1144 586 ’

270 753 273 764 ‚
302 699 473 782 Confessio
486 700 521 772 in
537 701 695 787 Ecclesiis
712 705 801 797 apud
822 727 883 774 nos
908 725 977 774 noti
997 715 1047 774 est
1064 698 1197 774 abolita.
1241 705 1331 772 Non

216 786 305 858 eniin
318 787 402 860 solet
439 787 541 880 orrigi
561 813 679 883 corpus
703 788 857 871 Domini,
886 786 949 858 nisi
971 805 1103 858 anteae
1149 786 1267 857 loratis
1292 801 1331 857 et

105 925 113 960 ¹·
214 871 383 944 absolutis.
415 811 772 969 btdoceturpopulus
785 871 1031 964 diligentissime
1046 873 1120 956 deli
1144 901 1161 942 e
1180 869 1329 971 absolu-

104 966 109 978 *
215 955 333 1044 tionis,
367 959 407 1032 de
422 980 489 1054 qua
500 974 575 1029 ante
594 959 674 1030 liaeo
696 974 842 1052 tempora
864 982 918 1028 ina
942 984 1020 1026 nuni
1043 974 1114 1030 erat
1137 955 1329 1028 silentium.

213 1045 381 1138 Ducentur
396 1040 561 1126 homines,
591 1059 640 1138 ut
652 1041 889 1114 absolutionem
907 983 1042 1149 trierimi
1062 1043 1200 1128 saciant,
1236 1041 1330 1135 quia

213 1127 256 1198 sit
267 1153 330 1198 vor
342 1127 427 1214 Dei,
450 1133 482 1198 et
500 1127 740 1201 mandatorio
764 1143 1006 1224 pronuntietur.
1050 1131 1199 1198 Ornatur
1220 1141 1329 1220 pote-

213 1227 279 1285 stas
307 1212 470 1296 clavium,
499 1229 531 1283 et
552 1230 841 1295 commemoratur,
872 1229 1025 1308 quantam
1058 1210 1329 1286 consolationem

184 1317 188 1329 ·
212 1295 330 1392 dierat
345 1296 587 1396 perterrefactis
601 1296 820 1380 conscientiis,
850 1313 881 1367 ct
894 1297 985 1400 guod
1005 1297 1152 1394 requirat
1167 1303 1259 1366 Deus
1278 1297 1327 1364 fi-

151 1406 162 1428 1‘
212 1381 307 1465 dom,
328 1398 370 1453 ut
381 1381 433 1454 illi
446 1381 642 1456 absolutioni
659 1399 815 1458 tanesiam
833 1407 905 1454 voci
918 1383 958 1452 de
972 1381 1061 1454 coelo
1089 1382 1219 1454 sonanti
1242 1406 1325 1452 cre-

211 1465 347 1552 damus,
375 1483 408 1538 ct
419 1467 508 1569 quod
522 1465 580 1540 illa
595 1468 673 1539 fides
688 1459 912 1539 in⁷Chrisium
926 1494 1001 1538 vere
1017 1483 1259 1564 consequatur,
1290 1482 1327 1536 et

211 1551 350 1648 accipiat
365 1573 592 1623 remissionem
608 1557 823 1647 peecatorum.
865 1558 969 1635 Antea
984 1551 1158 1624 immodice
1174 1551 1324 1624 extolle·-
1357 1581 1358 1586 ¹

201 1634 331 1716 ,taran
344 1635 597 1716 satisfactionem
617 1636 693 1706 fidei
708 1653 741 1706 et
754 1633 863 1710 meriti
877 1637 1021 1722 Christi,
1051 1661 1090 1707 ae
1105 1636 1251 1732 justitiae
1275 1639 1323 1708 fi-

210 1720 265 1794 dei
277 1721 370 1792 nulla
385 1723 483 1821 fiebat
494 1721 628 1805 mentio,
651 1745 751 1814 quare
768 1721 804 1792 iu
818 1722 879 1796 liae
890 1738 984 1821 parte
1000 1721 1137 1793 mininie
1145 1738 1222 1792 sunt
1239 1722 1321 1792 eul-

233 1807 337 1878 andae
356 1807 521 1878 Ecclesiae
541 1823 681 1878 nostrae.
723 1811 811 1878 Nam
835 1805 899 1880 hoe
929 1805 1028 1892 etiam
1050 1807 1229 1878 adversarii
1251 1807 1322 1878 tri-

206 1827 422 1962 inaerabis
435 1906 607 1992 coguntur,
629 1891 718 1988 quod
729 1889 877 1964 doctina
890 1893 930 1963 de
945 1889 1149 1990 poenitentia
1163 1890 1321 1985 diligen-

129 1989 130 1996 *
209 1974 333 2046 tissime
344 1999 365 2044 a
377 1993 498 2047 nostris
518 1991 652 2046 tracum
669 1991 702 2046 et
713 1977 870 2072 patefacta
886 1977 944 2049 sii,

295 2061 361 2130 Sed
385 2062 425 2161 de
444 2059 657 2162 confessione
681 2060 815 2160 docent,
831 2063 927 2158 vquo'd
948 2059 1151 2160 enumeratio
1166 2059 1321 2161 delicto-

207 2169 365 2217 ruminon
376 2161 418 2216 sit
434 2169 625 2228 necessaria,
650 2171 711 2218 nec
726 2165 792 2217 sint
804 2147 988 2218 oneranda'e
1003 2163 1214 2222 conscientiae
1233 2173 1320 2218 cura

206 2229 422 2304 enumerandi
444 2231 557 2304 omnia
578 2231 714 2314 delicta,
765 2234 820 2304 uia
833 2231 880 2302 im
906 2228 1039 2302 ossibile
1056 2247 1106 2300 est
1121 2231 1235 2301 omnia
1250 2232 1318 2302 de-

205 2311 285 2386 licta
304 2315 459 2417 recitare,
471 2324 523 2410 'ut'
535 2330 672 2388 testatur
685 2256 854 2398 ,Psilmusi
881 2259 1021 2418 PDelicta
1040 2314 1115 2414 quis
1128 2315 1318 2410 intelligit?

203 2401 287 2470 lteni
314 2403 490 2473 Jereniias:
520 2405 664 2472 Parrum
692 2418 741 2475 est
770 2429 827 2475 cor
853 2400 999 2472 bominis
1029 2415 1062 2470 et
1085 2403 1318 2474 inscrutabile.

206 2483 308 2573 Quod
320 2485 349 2555 si
365 2485 460 2558 nulla
471 2503 600 2581 peccata
616 2485 683 2557 nisi
704 2491 839 2560 recitata
855 2484 1116 2570 remitterentur,
1136 2512 1317 2585 nunquam

203 2571 407 2668 acquiescere
422 2571 638 2656 conscientiae
651 2591 800 2677 possent,
833 2569 912 2667 quia
932 2567 1076 2668 plurima
1096 2588 1231 2666 peccata
1249 2597 1317 2644 ne-

204 2655 414 2754 quevident,
444 2680 549 2750 neque
570 2658 757 2730 meminisse
778 2671 928 2754 possunt.
971 2659 1147 2727 Testantur
1160 2674 1193 2728 et
1217 2676 1317 2729 vete-

272 2757 456 2833 isciiptores
475 2743 753 2816 enumerationem
779 2768 846 2814 non
871 2763 940 2810 esse
959 2741 1183 2812 necessariam.
1218 2748 1316 2814 Nam

201 2762 403 2982 &ceretis
431 2825 550 2896 citatur
572 2826 624 2896 Cb
664 2843 845 2910 sostomus,
884 2822 943 2919 qui
965 2823 1011 2894 sic
1040 2822 1102 2900 ait:
1144 2831 1225 2898 Non
1250 2829 1316 2901 tibi

285 2961 296 2995 ‚
325 2927 362 2982 ut
376 2923 409 2981 te
421 2910 541 3004 prodas
556 2912 591 2982 in
604 2939 650 3008 pu
674 2913 792 2996 licum,
814 2935 920 3006 neque
940 2909 1029 3004 apud
1050 2905 1134 2982 alios
1155 2929 1185 2982 te
1207 2937 1315 2984 accu.

167 3045 169 3054 ,
204 3019 273 3080 ses,
299 2995 357 3064 scd
381 2994 513 3066 obedite
539 3013 572 3068 te
594 2997 672 3070 volo
696 2997 881 3096 Prophetae
903 2992 1038 3066 dicenti:
1077 2995 1202 3068 Revela
1233 3018 1316 3072 ante

203 3083 312 3150 Deum
325 3081 415 3164 dam
429 3096 531 3150 tuam.
570 3087 661 3176 Ergo
676 3099 734 3154 tua
755 3083 916 3156 confitere.
927 3093 1056 3176 peccata
1076 3082 1165 3174 apud
1183 3085 1316 3169 Deum,

138 3205 140 3212 ·
203 3191 314 3272 verum
331 3167 494 3260 judicem,
523 3191 598 3238 cuin
612 3168 774 3242 oratione.
814 3163 940 3236 Delicta
960 3179 1017 3232 tua
1040 3167 1224 3263 pronuncia
1240 3195 1317 3242 tion

201 3249 335 3344 lingua,
364 3253 422 3322 sed
445 3253 658 3324 conscientiae
685 3271 759 3326 tuac
780 3250 941 3322 memoria
962 3265 1021 3318 etc.
1063 3251 1108 3318 Et
1131 3249 1248 3338 glossa
1269 3259 1315 3328 de

164 3395 167 3401 .
201 3335 425 3430 poenitentia,
453 3335 541 3408 Dist.
559 3343 618 3409 lv.
639 3361 710 3432 cap.
726 3337 935 3418 Confideret,
956 3331 1078 3406 latetis
1094 3331 1235 3406 liuiiiaui
1252 3341 1315 3433 ju.

201 3419 250 3491 ris
261 3446 332 3494 esse
349 3421 595 3497 confessionem.
625 3419 957 3509 ,Verum'conlessio,
980 3443 1051 3488 cuni
1068 3435 1209 3519 propter
1233 3451 1314 3496 iiia.

200 3507 325 3578 ximuiri
340 3505 557 3578 absolutionis
571 3505 778 3591 beneficium,
803 3524 873 3576 tuin
888 3518 1021 3600 propter
1034 3501 1116 3576 alias
1131 3503 1312 3582 iionsci'en-

191 3592 323 3664 ‘tiarum
340 3585 596 3688 utilitatcs'apud
611 3617 679 3676 nos
688 3591 861 3670 redactur..

347 3765 351 3776 ’
442 3733 487 3810 V.
534 3713 594 3810 De
624 3734 844 3811 Discrimine
876 3708 1085 3830 ciborum.¹
1195 3770 1198 3777 ·

282 3857 421 3960 Publica
419 3859 610 4018 ¹⁴:persuasio
626 3862 693 3934 fuit
706 3889 775 3936 nou
790 3879 915 3936 tantum
928 3861 1032 3954 vulgi,
1052 3858 1225 3934 sedetiam
1241 3865 1313 3940 do-

198 3943 395 4018 centisimus
451 3944 593 4030 eclesiis,
615 3949 705 4044 quod
724 3949 916 4022 discrimina
934 3943 1101 4031 ciborum,
1125 3961 1157 4015 et
1177 3945 1313 4024 similes

16 4067 22 4078 ,
119 4113 126 4122 ι
197 4028 390 4104 traditiones
405 4031 570 4102 humanae
595 4032 660 4104 sint
673 4060 774 4132 opera
788 4033 940 4108 utiliaad
954 4032 1205 4190 Smmerendam
1224 4061 1313 4130 gra-

197 4115 280 4184 tiani
298 4131 330 4185 et
343 4115 561 4189 satisfactoria
572 4119 800 4224 'propeccatis
814 4125 873 4221 'Et
887 4143 953 4216 quo
988 4116 1036 4188 sic
1048 4115 1187 4187 senserit
1200 4145 1310 4191 niun-

197 4199 279 4282 dus,
308 4218 445 4300 apparet
459 4226 498 4270 ex
512 4227 572 4286 co,
601 4229 679 4301 quia
695 4205 839 4304 quotidie
852 4199 1111 4277 ‚instituebantur
1125 4225 1230 4294 novae
1247 4233 1310 4277 ce-

579 4288 588 4310 9

195 4309 384 4370 semoniae,
414 4286 490 4360 novi
516 4288 663 4376 ordinm,
698 4315 803 4366 novae
832 4289 952 4376 leriae,
982 4310 1071 4361 nova
1095 4287 1244 4382 jejunis,
1272 4309 1311 4364 ct
1347 4360 1348 4390 ,
