<?xml version="1.0" encoding="UTF-8"?>
<!DOCTYPE html PUBLIC "-//W3C//DTD XHTML 1.0 Transitional//EN"
    "http://www.w3.org/TR/xhtml1/DTD/xhtml1-transitional.dtd">
<html xmlns="http://www.w3.org/1999/xhtml" xml:lang="en" lang="en">
 <head>
  <title>
</title>
<meta http-equiv="Content-Type" content="text/html;charset=utf-8" />
  <meta name='ocr-system' content='tesseract 3.04.00' />
  <meta name='ocr-capabilities' content='ocr_page ocr_carea ocr_par ocr_line ocrx_word'/>
</head>
<body>
  <div class='ocr_page' id='page_1' title='image "./librisymbolicie03churgoog/librisymbolicie03churgoog_0074.png"; bbox 0 0 2750 4902; ppageno 0'>
   <div class='ocr_carea' id='block_1_1' title="bbox 294 359 1141 468">
    <p class='ocr_par' dir='ltr' id='par_1_1' title="bbox 294 359 1141 468">
     <span class='ocr_line' id='line_1_1' title="bbox 294 359 1141 468; baseline 0.004 -31"><span class='ocrx_word' id='word_1_1' title='bbox 294 430 298 437; x_wconf 87' lang='lat'><em>.</em></span> <span class='ocrx_word' id='word_1_2' title='bbox 456 361 720 462; x_wconf 71' lang='lat' dir='ltr'><strong>Cordcsslonls.</strong></span> <span class='ocrx_word' id='word_1_3' title='bbox 1093 359 1141 468; x_wconf 70' lang='lat' dir='ltr'><strong>ds</strong></span> 
     </span>
    </p>
   </div>
   <div class='ocr_carea' id='block_1_2' title="bbox 37 535 1325 1330">
    <p class='ocr_par' dir='ltr' id='par_1_2' title="bbox 38 531 1325 728">
     <span class='ocr_line' id='line_1_2' title="bbox 40 535 1325 648; baseline 0 -34"><span class='ocrx_word' id='word_1_4' title='bbox 40 545 133 648; x_wconf 83' lang='lat' dir='ltr'><strong>apud</strong></span> <span class='ocrx_word' id='word_1_5' title='bbox 145 535 281 615; x_wconf 79' lang='lat' dir='ltr'><strong>Philoso</strong></span> <span class='ocrx_word' id='word_1_6' title='bbox 305 543 367 614; x_wconf 87' lang='lat' dir='ltr'><strong>hos</strong></span> <span class='ocrx_word' id='word_1_7' title='bbox 383 545 425 617; x_wconf 85' lang='lat' dir='ltr'><strong>de</strong></span> <span class='ocrx_word' id='word_1_8' title='bbox 438 540 529 615; x_wconf 87' lang='lat' dir='ltr'><strong>civili</strong></span> <span class='ocrx_word' id='word_1_9' title='bbox 544 541 665 636; x_wconf 79' lang='lat' dir='ltr'><strong>judicio</strong></span> <span class='ocrx_word' id='word_1_10' title='bbox 681 543 786 612; x_wconf 80' lang='lat' dir='ltr'><strong>dictae</strong></span> <span class='ocrx_word' id='word_1_11' title='bbox 800 537 900 628; x_wconf 72' lang='lat' dir='ltr'><strong>sunt,</strong></span> <span class='ocrx_word' id='word_1_12' title='bbox 914 565 982 614; x_wconf 85' lang='lat' dir='ltr'><strong>non</strong></span> <span class='ocrx_word' id='word_1_13' title='bbox 996 543 1035 613; x_wconf 90' lang='lat' dir='ltr'><strong>de</strong></span> <span class='ocrx_word' id='word_1_14' title='bbox 1051 543 1144 636; x_wconf 77' lang='lat' dir='ltr'><strong>judi·-</strong></span> <span class='ocrx_word' id='word_1_15' title='bbox 1194 547 1197 554; x_wconf 88' lang='lat'>&#39;</span> <span class='ocrx_word' id='word_1_16' title='bbox 1217 583 1221 596; x_wconf 85' lang='lat'>·</span> <span class='ocrx_word' id='word_1_17' title='bbox 1321 551 1325 561; x_wconf 92' lang='lat'>&#39;</span> 
     </span>
     <span class='ocr_line' id='line_1_3' title="bbox 38 627 1144 728; baseline 0.001 -28"><span class='ocrx_word' id='word_1_18' title='bbox 38 657 92 700; x_wconf 84' lang='lat' dir='ltr'><strong>cro</strong></span> <span class='ocrx_word' id='word_1_19' title='bbox 108 630 182 699; x_wconf 85' lang='lat' dir='ltr'><strong>Dei.</strong></span> <span class='ocrx_word' id='word_1_20' title='bbox 231 627 274 698; x_wconf 82' lang='lat' dir='ltr'><strong>N&#39;</strong></span> <span class='ocrx_word' id='word_1_21' title='bbox 301 627 346 698; x_wconf 92' lang='lat' dir='ltr'><strong>ilo</strong></span> <span class='ocrx_word' id='word_1_22' title='bbox 362 627 557 722; x_wconf 85' lang='lat' dir='ltr'><strong>prudentius</strong></span> <span class='ocrx_word' id='word_1_23' title='bbox 572 645 708 698; x_wconf 88' lang='lat' dir='ltr'><strong>assuunt</strong></span> <span class='ocrx_word' id='word_1_24' title='bbox 723 645 754 728; x_wconf 74' lang='lat' dir='ltr'><strong>et</strong></span> <span class='ocrx_word' id='word_1_25' title='bbox 769 627 851 698; x_wconf 84' lang='lat' dir='ltr'><strong>alias</strong></span> <span class='ocrx_word' id='word_1_26' title='bbox 866 627 1058 717; x_wconf 85' lang='lat' dir='ltr'><strong>sententias,</strong></span> <span class='ocrx_word' id='word_1_27' title='bbox 1080 654 1144 701; x_wconf 73' lang='lat' dir='ltr'><strong>na-</strong></span> 
     </span>
    </p>

    <p class='ocr_par' dir='ltr' id='par_1_3' title="bbox 38 711 1144 805">
     <span class='ocr_line' id='line_1_4' title="bbox 38 711 1144 805; baseline -0.003 -20"><span class='ocrx_word' id='word_1_28' title='bbox 38 726 149 785; x_wconf 84' lang='lat' dir='ltr'><strong>turam</strong></span> <span class='ocrx_word' id='word_1_29' title='bbox 162 727 318 784; x_wconf 85' lang='lat' dir='ltr'><strong>nom&#39;csse</strong></span> <span class='ocrx_word' id='word_1_30' title='bbox 336 711 469 784; x_wconf 82' lang='lat' dir='ltr'><strong>malam.</strong></span> <span class='ocrx_word' id='word_1_31' title='bbox 495 717 549 790; x_wconf 85' lang='lat' dir='ltr'><strong>¹Id</strong></span> <span class='ocrx_word' id='word_1_32' title='bbox 565 714 600 784; x_wconf 86' lang='lat' dir='ltr'><strong>in</strong></span> <span class='ocrx_word' id='word_1_33' title='bbox 617 712 690 784; x_wconf 91' lang='lat' dir='ltr'><strong>loco</strong></span> <span class='ocrx_word' id='word_1_34' title='bbox 708 714 831 782; x_wconf 75' lang='lat' dir='ltr'><strong>dictum</strong></span> <span class='ocrx_word' id='word_1_35' title='bbox 849 738 915 796; x_wconf 77' lang='lat' dir='ltr'><strong>noo</strong></span> <span class='ocrx_word' id='word_1_36' title='bbox 932 711 1144 805; x_wconf 80' lang='lat' dir='ltr'><strong>reprebendi-</strong></span> 
     </span>
    </p>

    <p class='ocr_par' dir='ltr' id='par_1_4' title="bbox 37 789 1226 976">
     <span class='ocr_line' id='line_1_5' title="bbox 37 789 1187 896; baseline -0.001 -28"><span class='ocrx_word' id='word_1_37' title='bbox 37 825 131 884; x_wconf 86' lang='lat' dir='ltr'><strong>mus,</strong></span> <span class='ocrx_word' id='word_1_38' title='bbox 153 801 210 870; x_wconf 88' lang='lat' dir='ltr'><strong>sed</strong></span> <span class='ocrx_word' id='word_1_39' title='bbox 231 821 299 866; x_wconf 89' lang='lat' dir='ltr'><strong>non</strong></span> <span class='ocrx_word' id='word_1_40' title='bbox 318 813 403 865; x_wconf 90' lang='lat' dir='ltr'><strong>recte</strong></span> <span class='ocrx_word' id='word_1_41' title='bbox 424 799 638 896; x_wconf 79' lang='lat' dir='ltr'><strong>detorquetur</strong></span> <span class='ocrx_word' id='word_1_42' title='bbox 655 799 697 868; x_wconf 86' lang='lat' dir='ltr'><strong>ad</strong></span> <span class='ocrx_word' id='word_1_43' title='bbox 720 789 957 869; x_wconf 73' lang='lat' dir='ltr'><strong>intenuahdum</strong></span> <span class='ocrx_word' id='word_1_44' title='bbox 998 815 1144 874; x_wconf 79' lang='lat' dir='ltr'><strong>occatum</strong></span> <span class='ocrx_word' id='word_1_45' title='bbox 1185 839 1187 844; x_wconf 95' lang='lat'>·</span> 
     </span>
     <span class='ocr_line' id='line_1_6' title="bbox 39 825 1226 976; baseline 0 -23"><span class='ocrx_word' id='word_1_46' title='bbox 39 883 189 974; x_wconf 79' lang='lat' dir='ltr'><strong>originis.</strong></span> <span class='ocrx_word' id='word_1_47' title='bbox 232 887 403 951; x_wconf 77' lang='lat' dir='ltr'><strong>Ettamen</strong></span> <span class='ocrx_word' id='word_1_48' title='bbox 419 878 479 954; x_wconf 87' lang='lat' dir='ltr'><strong>hac</strong></span> <span class='ocrx_word' id='word_1_49' title='bbox 497 883 673 958; x_wconf 80' lang='lat' dir='ltr'><strong>sententiae</strong></span> <span class='ocrx_word' id='word_1_50' title='bbox 688 881 847 972; x_wconf 82' lang='lat' dir='ltr'><strong>leguntur</strong></span> <span class='ocrx_word' id='word_1_51' title='bbox 862 884 949 976; x_wconf 92' lang='lat' dir='ltr'><strong>apud</strong></span> <span class='ocrx_word' id='word_1_52' title='bbox 960 825 1143 954; x_wconf 65' lang='lat' dir='ltr'><strong>fcholnsti·</strong></span> <span class='ocrx_word' id='word_1_53' title='bbox 1216 935 1226 946; x_wconf 90' lang='lat'><em>.</em></span> 
     </span>
    </p>

    <p class='ocr_par' dir='ltr' id='par_1_5' title="bbox 39 963 1208 1062">
     <span class='ocr_line' id='line_1_7' title="bbox 39 963 1208 1062; baseline -0.003 -22"><span class='ocrx_word' id='word_1_54' title='bbox 39 995 115 1052; x_wconf 88' lang='lat' dir='ltr'><strong>cos,</strong></span> <span class='ocrx_word' id='word_1_55' title='bbox 147 967 206 1062; x_wconf 90' lang='lat' dir='ltr'><strong>qui</strong></span> <span class='ocrx_word' id='word_1_56' title='bbox 221 966 322 1035; x_wconf 86' lang='lat' dir='ltr'><strong>intem</strong></span> <span class='ocrx_word' id='word_1_57' title='bbox 349 965 448 1036; x_wconf 85' lang='lat' dir='ltr'><strong>estive</strong></span> <span class='ocrx_word' id='word_1_58' title='bbox 464 966 672 1054; x_wconf 72' lang='lat' dir='ltr'>commiscent</span> <span class='ocrx_word' id='word_1_59' title='bbox 689 963 955 1062; x_wconf 73' lang='lat' dir='ltr'><strong>philosophicam</strong></span> <span class='ocrx_word' id='word_1_60' title='bbox 976 991 1034 1037; x_wconf 90' lang='lat' dir='ltr'><strong>seu</strong></span> <span class='ocrx_word' id='word_1_61' title='bbox 1058 965 1142 1038; x_wconf 84' lang='lat' dir='ltr'><strong>ciri·</strong></span> <span class='ocrx_word' id='word_1_62' title='bbox 1196 1013 1208 1030; x_wconf 48' lang='grc' dir='ltr'><strong>,ι</strong></span> 
     </span>
    </p>

    <p class='ocr_par' dir='ltr' id='par_1_6' title="bbox 41 991 1143 1148">
     <span class='ocr_line' id='line_1_8' title="bbox 41 991 1143 1148; baseline 0.001 -27"><span class='ocrx_word' id='word_1_63' title='bbox 41 1053 108 1122; x_wconf 82' lang='lat' dir='ltr'><strong>lem</strong></span> <span class='ocrx_word' id='word_1_64' title='bbox 122 1049 304 1122; x_wconf 79' lang='lat' dir='ltr'><strong>doctrinam</strong></span> <span class='ocrx_word' id='word_1_65' title='bbox 321 991 360 1122; x_wconf 82' lang='lat' dir='ltr'><strong>de</strong></span> <span class='ocrx_word' id='word_1_66' title='bbox 377 1049 523 1120; x_wconf 90' lang='lat' dir='ltr'><strong>moribus</strong></span> <span class='ocrx_word' id='word_1_67' title='bbox 546 1077 620 1129; x_wconf 86' lang='lat' dir='ltr'><strong>cum</strong></span> <span class='ocrx_word' id='word_1_68' title='bbox 638 1049 829 1142; x_wconf 78' lang='lat' dir='ltr'><strong>Evangelio.</strong></span> <span class='ocrx_word' id='word_1_69' title='bbox 872 1055 987 1148; x_wconf 83' lang='lat' dir='ltr'>Neque</span> <span class='ocrx_word' id='word_1_70' title='bbox 1009 1051 1089 1124; x_wconf 85' lang='lat' dir='ltr'><strong>baec</strong></span> <span class='ocrx_word' id='word_1_71' title='bbox 1106 1051 1143 1125; x_wconf 88' lang='lat' dir='ltr'><strong>in</strong></span> 
     </span>
    </p>

    <p class='ocr_par' dir='ltr' id='par_1_7' title="bbox 43 1129 1144 1228">
     <span class='ocr_line' id='line_1_9' title="bbox 43 1129 1144 1228; baseline 0.002 -22"><span class='ocrx_word' id='word_1_72' title='bbox 43 1135 179 1210; x_wconf 86' lang='lat' dir='ltr'><strong>Scholis-</strong></span> <span class='ocrx_word' id='word_1_73' title='bbox 190 1152 315 1206; x_wconf 85' lang='lat' dir='ltr'><strong>tantum</strong></span> <span class='ocrx_word' id='word_1_74' title='bbox 331 1133 600 1228; x_wconf 69' lang='lat' dir='ltr'><strong>disputabantur,</strong></span> <span class='ocrx_word' id='word_1_75' title='bbox 624 1133 682 1204; x_wconf 91' lang='lat' dir='ltr'><strong>sed</strong></span> <span class='ocrx_word' id='word_1_76' title='bbox 697 1162 734 1204; x_wconf 83' lang='lat' dir='ltr'><strong>ex</strong></span> <span class='ocrx_word' id='word_1_77' title='bbox 751 1129 898 1221; x_wconf 84' lang='lat' dir='ltr'><strong>Scholia,</strong></span> <span class='ocrx_word' id='word_1_78' title='bbox 929 1152 967 1206; x_wconf 91' lang='lat' dir='ltr'><strong>ut</strong></span> <span class='ocrx_word' id='word_1_79' title='bbox 983 1135 1035 1219; x_wconf 83' lang='lat' dir='ltr'><strong>fic,</strong></span> <span class='ocrx_word' id='word_1_80' title='bbox 1057 1133 1144 1214; x_wconf 81' lang='lat' dir='ltr'><strong>elfe-</strong></span> 
     </span>
    </p>

    <p class='ocr_par' dir='ltr' id='par_1_8' title="bbox 40 1217 1144 1330">
     <span class='ocr_line' id='line_1_10' title="bbox 40 1217 1144 1330; baseline 0.002 -40"><span class='ocrx_word' id='word_1_81' title='bbox 40 1223 196 1290; x_wconf 81' lang='lat' dir='ltr'><strong>rebanttir</strong></span> <span class='ocrx_word' id='word_1_82' title='bbox 213 1220 255 1288; x_wconf 77' lang='lat' dir='ltr'><strong>bd</strong></span> <span class='ocrx_word' id='word_1_83' title='bbox 269 1217 443 1323; x_wconf 81' lang='lat' dir='ltr'><strong>populum.</strong></span> <span class='ocrx_word' id='word_1_84' title='bbox 485 1223 532 1288; x_wconf 89' lang='lat' dir='ltr'><strong>Et</strong></span> <span class='ocrx_word' id='word_1_85' title='bbox 554 1219 615 1289; x_wconf 89' lang='lat' dir='ltr'><strong>bae</strong></span> <span class='ocrx_word' id='word_1_86' title='bbox 636 1219 863 1330; x_wconf 67' lang='lat' dir='ltr'><strong>persuasiones</strong></span> <span class='ocrx_word' id='word_1_87' title='bbox 881 1245 915 1290; x_wconf 84' lang='lat' dir='ltr'><strong>re</strong></span> <span class='ocrx_word' id='word_1_88' title='bbox 939 1223 1079 1305; x_wconf 71' lang='lat' dir='ltr'><strong>nabunt,</strong></span> <span class='ocrx_word' id='word_1_89' title='bbox 1108 1235 1144 1292; x_wconf 88' lang='lat' dir='ltr'><strong>et</strong></span> 
     </span>
    </p>
   </div>
   <div class='ocr_carea' id='block_1_3' title="bbox 24 1247 1239 1913">
    <p class='ocr_par' dir='ltr' id='par_1_9' title="bbox 39 1247 1239 1400">
     <span class='ocr_line' id='line_1_11' title="bbox 39 1247 1239 1400; baseline 0.002 -25"><span class='ocrx_word' id='word_1_90' title='bbox 39 1306 172 1376; x_wconf 83' lang='lat' dir='ltr'><strong>alebant</strong></span> <span class='ocrx_word' id='word_1_91' title='bbox 185 1301 339 1374; x_wconf 68' lang='lat' dir='ltr'><strong>fiduciam</strong></span> <span class='ocrx_word' id='word_1_92' title='bbox 351 1295 570 1374; x_wconf 78' lang='lat' dir='ltr'><strong>humanarum</strong></span> <span class='ocrx_word' id='word_1_93' title='bbox 585 1304 715 1386; x_wconf 75' lang='lat' dir='ltr'><strong>virium,</strong></span> <span class='ocrx_word' id='word_1_94' title='bbox 730 1320 762 1374; x_wconf 91' lang='lat' dir='ltr'><strong>ct</strong></span> <span class='ocrx_word' id='word_1_95' title='bbox 780 1247 1008 1400; x_wconf 63' lang='lat' dir='ltr'><strong>opprimebant</strong></span> <span class='ocrx_word' id='word_1_96' title='bbox 1024 1308 1142 1396; x_wconf 82' lang='lat' dir='ltr'><strong>cogni·</strong></span> <span class='ocrx_word' id='word_1_97' title='bbox 1237 1316 1239 1324; x_wconf 83' lang='lat'>&#39;</span> 
     </span>
    </p>

    <p class='ocr_par' dir='ltr' id='par_1_10' title="bbox 38 1387 1143 1484">
     <span class='ocr_line' id='line_1_12' title="bbox 38 1387 1143 1484; baseline -0.004 -24"><span class='ocrx_word' id='word_1_98' title='bbox 38 1387 160 1460; x_wconf 89' lang='lat' dir='ltr'><strong>tionem</strong></span> <span class='ocrx_word' id='word_1_99' title='bbox 180 1391 301 1482; x_wconf 84' lang='lat' dir='ltr'><strong>gratiae</strong></span> <span class='ocrx_word' id='word_1_100' title='bbox 320 1388 455 1459; x_wconf 90' lang='lat' dir='ltr'><strong>Christi.</strong></span> <span class='ocrx_word' id='word_1_101' title='bbox 504 1395 618 1484; x_wconf 83' lang='lat' dir='ltr'><strong>ltaque</strong></span> <span class='ocrx_word' id='word_1_102' title='bbox 631 1390 792 1458; x_wconf 86' lang='lat' dir='ltr'><strong>Lutherus</strong></span> <span class='ocrx_word' id='word_1_103' title='bbox 813 1387 925 1458; x_wconf 85' lang='lat' dir='ltr'><strong>voleus</strong></span> <span class='ocrx_word' id='word_1_104' title='bbox 939 1389 1143 1483; x_wconf 48' lang='lat' dir='ltr'><strong>magnitudis</strong></span> 
     </span>
    </p>

    <p class='ocr_par' dir='ltr' id='par_1_11' title="bbox 37 1469 1142 1570">
     <span class='ocr_line' id='line_1_13' title="bbox 37 1469 1142 1570; baseline -0.001 -26"><span class='ocrx_word' id='word_1_105' title='bbox 37 1499 115 1544; x_wconf 82' lang='lat' dir='ltr'><strong>nem</strong></span> <span class='ocrx_word' id='word_1_106' title='bbox 128 1473 249 1570; x_wconf 89' lang='lat' dir='ltr'><strong>peccati</strong></span> <span class='ocrx_word' id='word_1_107' title='bbox 265 1475 314 1544; x_wconf 90' lang='lat' dir='ltr'><strong>ori</strong></span> <span class='ocrx_word' id='word_1_108' title='bbox 337 1471 437 1544; x_wconf 90' lang='lat' dir='ltr'><strong>inalis</strong></span> <span class='ocrx_word' id='word_1_109' title='bbox 452 1490 485 1542; x_wconf 88' lang='lat' dir='ltr'><strong>et</strong></span> <span class='ocrx_word' id='word_1_110' title='bbox 500 1471 878 1544; x_wconf 66' lang='lat' dir='ltr'><strong>bumanae‘inlirmitatis</strong></span> <span class='ocrx_word' id='word_1_111' title='bbox 895 1469 1066 1563; x_wconf 75' lang='lat' dir='ltr'><strong>declarare,</strong></span> <span class='ocrx_word' id='word_1_112' title='bbox 1078 1473 1142 1566; x_wconf 61' lang='lat' dir='ltr'><strong>do,</strong></span> 
     </span>
    </p>

    <p class='ocr_par' dir='ltr' id='par_1_12' title="bbox 24 1501 1142 1665">
     <span class='ocr_line' id='line_1_14' title="bbox 24 1501 1142 1665; baseline 0.004 -36"><span class='ocrx_word' id='word_1_113' title='bbox 24 1561 117 1642; x_wconf 85' lang='lat' dir='ltr'><strong>cuit,</strong></span> <span class='ocrx_word' id='word_1_114' title='bbox 139 1557 297 1665; x_wconf 63' lang='lat' dir='ltr'><strong>reliquias</strong></span> <span class='ocrx_word' id='word_1_115' title='bbox 312 1501 386 1628; x_wconf 63' lang='lat' dir='ltr'><strong>silas</strong></span> <span class='ocrx_word' id='word_1_116' title='bbox 400 1557 521 1652; x_wconf 87' lang='lat' dir='ltr'><strong>&#39;peccati</strong></span> <span class='ocrx_word' id='word_1_117' title='bbox 538 1555 709 1650; x_wconf 81' lang='lat' dir='ltr'><strong>originalis</strong></span> <span class='ocrx_word' id='word_1_118' title='bbox 733 1583 799 1626; x_wconf 90' lang='lat' dir='ltr'><strong>non</strong></span> <span class='ocrx_word' id='word_1_119' title='bbox 819 1583 887 1638; x_wconf 81' lang='lat' dir='ltr'><strong>esse</strong></span> <span class='ocrx_word' id='word_1_120' title='bbox 901 1585 959 1628; x_wconf 88' lang='lat' dir='ltr'><strong>sua</strong></span> <span class='ocrx_word' id='word_1_121' title='bbox 973 1579 1090 1630; x_wconf 90' lang='lat' dir='ltr'><strong>natura</strong></span> <span class='ocrx_word' id='word_1_122' title='bbox 1105 1560 1142 1633; x_wconf 82' lang='lat' dir='ltr'><strong>io</strong></span> 
     </span>
    </p>

    <p class='ocr_par' dir='ltr' id='par_1_13' title="bbox 38 1637 1142 1746">
     <span class='ocr_line' id='line_1_15' title="bbox 38 1637 1142 1746; baseline -0.002 -32"><span class='ocrx_word' id='word_1_123' title='bbox 38 1642 369 1746; x_wconf 66' lang='lat' dir='ltr'><strong>bominctidcdnpopn,</strong></span> <span class='ocrx_word' id='word_1_124' title='bbox 391 1641 450 1735; x_wconf 83' lang='lat' dir='ltr'><strong>scd</strong></span> <span class='ocrx_word' id='word_1_125' title='bbox 466 1639 612 1734; x_wconf 87' lang='lat' dir='ltr'><strong>indigere</strong></span> <span class='ocrx_word' id='word_1_126' title='bbox 626 1643 733 1734; x_wconf 82' lang='lat' dir='ltr'><strong>gratia</strong></span> <span class='ocrx_word' id='word_1_127' title='bbox 749 1637 891 1726; x_wconf 81' lang='lat' dir='ltr'><strong>Christi,</strong></span> <span class='ocrx_word' id='word_1_128' title='bbox 915 1669 956 1714; x_wconf 86' lang='lat' dir='ltr'><strong>ne</strong></span> <span class='ocrx_word' id='word_1_129' title='bbox 972 1645 1142 1742; x_wconf 85' lang='lat' dir='ltr'><strong>imputen-</strong></span> 
     </span>
    </p>

    <p class='ocr_par' dir='ltr' id='par_1_14' title="bbox 40 1726 1203 1913">
     <span class='ocr_line' id='line_1_16' title="bbox 40 1726 1203 1822; baseline -0.003 -22"><span class='ocrx_word' id='word_1_130' title='bbox 40 1747 112 1814; x_wconf 83' lang='lat' dir='ltr'><strong>tur,</strong></span> <span class='ocrx_word' id='word_1_131' title='bbox 134 1733 211 1798; x_wconf 84' lang='lat' dir='ltr'><strong>item</strong></span> <span class='ocrx_word' id='word_1_132' title='bbox 229 1729 356 1822; x_wconf 75' lang='lat' dir='ltr'><strong>Spiritu</strong></span> <span class='ocrx_word' id='word_1_133' title='bbox 369 1744 498 1812; x_wconf 81' lang='lat' dir='ltr'><strong>sancto,</strong></span> <span class='ocrx_word' id='word_1_134' title='bbox 528 1745 566 1798; x_wconf 92' lang='lat' dir='ltr'><strong>ut</strong></span> <span class='ocrx_word' id='word_1_135' title='bbox 583 1726 827 1802; x_wconf 77' lang='lat' dir='ltr'><strong>mortificentur.</strong></span> <span class='ocrx_word' id='word_1_136' title='bbox 841 1775 857 1812; x_wconf 58' lang='lat'><strong>‚¹</strong></span> <span class='ocrx_word' id='word_1_137' title='bbox 1201 1803 1203 1810; x_wconf 54' lang='grc'>,</span> 
     </span>
     <span class='ocr_line' id='line_1_17' title="bbox 127 1810 1143 1913; baseline 0.003 -33"><span class='ocrx_word' id='word_1_138' title='bbox 127 1810 536 1906; x_wconf 73' lang='lat' dir='ltr'><strong>Quanquamscbolastici</strong></span> <span class='ocrx_word' id='word_1_139' title='bbox 562 1826 951 1913; x_wconf 26' lang='lat' dir='ltr'><strong>utrumqncscxtcnuant,</strong></span> <span class='ocrx_word' id='word_1_140' title='bbox 974 1818 1143 1907; x_wconf 83' lang='lat' dir='ltr'><strong>peccatum</strong></span> 
     </span>
    </p>
   </div>
   <div class='ocr_carea' id='block_1_4' title="bbox 21 1893 1332 4422">
    <p class='ocr_par' dir='ltr' id='par_1_15' title="bbox 21 1893 1332 4422">
     <span class='ocr_line' id='line_1_18' title="bbox 40 1893 1143 1992; baseline 0.001 -25"><span class='ocrx_word' id='word_1_141' title='bbox 40 1915 73 1970; x_wconf 89' lang='lat' dir='ltr'><strong>ct</strong></span> <span class='ocrx_word' id='word_1_142' title='bbox 86 1921 320 1991; x_wconf 86' lang='lat' dir='ltr'><strong>poenam,cum</strong></span> <span class='ocrx_word' id='word_1_143' title='bbox 334 1899 449 1980; x_wconf 83' lang='lat' dir='ltr'><strong>docent</strong></span> <span class='ocrx_word' id='word_1_144' title='bbox 457 1895 623 1965; x_wconf 85' lang='lat' dir='ltr'><strong>hominem</strong></span> <span class='ocrx_word' id='word_1_145' title='bbox 636 1921 780 1992; x_wconf 83' lang='lat' dir='ltr'><strong>proprus</strong></span> <span class='ocrx_word' id='word_1_146' title='bbox 793 1893 918 1966; x_wconf 77' lang='lat' dir='ltr'><strong>risibus</strong></span> <span class='ocrx_word' id='word_1_147' title='bbox 932 1921 1029 1991; x_wconf 88' lang='lat' dir='ltr'><strong>possa</strong></span> <span class='ocrx_word' id='word_1_148' title='bbox 1045 1923 1143 1968; x_wconf 58' lang='lat' dir='ltr'><strong>mana</strong></span> 
     </span>
     <span class='ocr_line' id='line_1_19' title="bbox 37 1977 1144 2077; baseline 0.002 -25"><span class='ocrx_word' id='word_1_149' title='bbox 37 1986 114 2052; x_wconf 85' lang='lat' dir='ltr'><strong>data</strong></span> <span class='ocrx_word' id='word_1_150' title='bbox 121 1981 183 2052; x_wconf 90' lang='lat' dir='ltr'><strong>Dci</strong></span> <span class='ocrx_word' id='word_1_151' title='bbox 199 1983 314 2052; x_wconf 85' lang='lat' dir='ltr'><strong>facere.</strong></span> <span class='ocrx_word' id='word_1_152' title='bbox 360 1988 396 2050; x_wconf 92' lang='lat' dir='ltr'><strong>ln</strong></span> <span class='ocrx_word' id='word_1_153' title='bbox 411 1977 532 2050; x_wconf 88' lang='lat' dir='ltr'><strong>Genesi</strong></span> <span class='ocrx_word' id='word_1_154' title='bbox 546 1981 645 2058; x_wconf 68' lang='lat' dir='ltr'><strong>,aliter</strong></span> <span class='ocrx_word' id='word_1_155' title='bbox 661 1979 852 2050; x_wconf 85' lang='lat' dir='ltr'><strong>describitur</strong></span> <span class='ocrx_word' id='word_1_156' title='bbox 866 2000 970 2075; x_wconf 89' lang='lat' dir='ltr'><strong>poena</strong></span> <span class='ocrx_word' id='word_1_157' title='bbox 988 1977 1144 2077; x_wconf 82' lang='lat' dir='ltr'><strong>imposita</strong></span> 
     </span>
     <span class='ocr_line' id='line_1_20' title="bbox 37 2064 1171 2163; baseline 0.001 -28"><span class='ocrx_word' id='word_1_158' title='bbox 37 2071 252 2163; x_wconf 75' lang='lat' dir='ltr'><strong>propeccato</strong></span> <span class='ocrx_word' id='word_1_159' title='bbox 275 2065 424 2157; x_wconf 79' lang='lat' dir='ltr'><strong>originis</strong></span> <span class='ocrx_word' id='word_1_160' title='bbox 486 2066 538 2142; x_wconf 90' lang='lat' dir='ltr'><strong>lbi</strong></span> <span class='ocrx_word' id='word_1_161' title='bbox 556 2064 645 2136; x_wconf 88' lang='lat' dir='ltr'><strong>enirn</strong></span> <span class='ocrx_word' id='word_1_162' title='bbox 669 2065 867 2138; x_wconf 78' lang='lat' dir='ltr'><strong>non=solum</strong></span> <span class='ocrx_word' id='word_1_163' title='bbox 889 2067 1044 2148; x_wconf 75' lang='lat' dir='ltr'><strong>mortiet</strong></span> <span class='ocrx_word' id='word_1_164' title='bbox 1066 2067 1143 2138; x_wconf 88' lang='lat' dir='ltr'><strong>aliis</strong></span> <span class='ocrx_word' id='word_1_165' title='bbox 1164 2102 1171 2116; x_wconf 74' lang='lat'>=</span> 
     </span>
     <span class='ocr_line' id='line_1_21' title="bbox 37 2145 1145 2252; baseline 0.004 -30"><span class='ocrx_word' id='word_1_166' title='bbox 37 2149 384 2245; x_wconf 67' lang='lat' dir='ltr'><strong>corporalibus‘malis</strong></span> <span class='ocrx_word' id='word_1_167' title='bbox 403 2145 576 2241; x_wconf 88' lang='lat' dir='ltr'><strong>subjicitur</strong></span> <span class='ocrx_word' id='word_1_168' title='bbox 601 2148 745 2222; x_wconf 88' lang='lat' dir='ltr'><strong>humana</strong></span> <span class='ocrx_word' id='word_1_169' title='bbox 768 2167 905 2234; x_wconf 88' lang='lat' dir='ltr'><strong>natura,</strong></span> <span class='ocrx_word' id='word_1_170' title='bbox 959 2149 1016 2220; x_wconf 91' lang='lat' dir='ltr'><strong>sed</strong></span> <span class='ocrx_word' id='word_1_171' title='bbox 1041 2153 1145 2252; x_wconf 66' lang='lat' dir='ltr'><strong>ctiopt</strong></span> 
     </span>
     <span class='ocr_line' id='line_1_22' title="bbox 37 2231 1142 2336; baseline 0 -30"><span class='ocrx_word' id='word_1_172' title='bbox 37 2262 141 2336; x_wconf 76' lang='lat' dir='ltr'><strong>regno</strong></span> <span class='ocrx_word' id='word_1_173' title='bbox 158 2235 290 2306; x_wconf 85' lang='lat' dir='ltr'><strong>diaboli.</strong></span> <span class='ocrx_word' id='word_1_174' title='bbox 314 2243 402 2314; x_wconf 87' lang='lat' dir='ltr'><strong>Nam</strong></span> <span class='ocrx_word' id='word_1_175' title='bbox 418 2233 464 2302; x_wconf 90' lang='lat' dir='ltr'><strong>ihi</strong></span> <span class='ocrx_word' id='word_1_176' title='bbox 475 2235 580 2303; x_wconf 87' lang='lat' dir='ltr'><strong>fertur</strong></span> <span class='ocrx_word' id='word_1_177' title='bbox 595 2233 674 2304; x_wconf 91' lang='lat' dir='ltr'><strong>baec</strong></span> <span class='ocrx_word' id='word_1_178' title='bbox 689 2234 860 2306; x_wconf 88' lang='lat' dir='ltr'><strong>horribilis</strong></span> <span class='ocrx_word' id='word_1_179' title='bbox 875 2231 1047 2306; x_wconf 86' lang='lat' dir='ltr'><strong>sententia:</strong></span> <span class='ocrx_word' id='word_1_180' title='bbox 1068 2243 1142 2317; x_wconf 75' lang='lat' dir='ltr'><strong>lnc-</strong></span> 
     </span>
     <span class='ocr_line' id='line_1_23' title="bbox 38 2316 1142 2420; baseline 0.001 -30"><span class='ocrx_word' id='word_1_181' title='bbox 38 2319 180 2390; x_wconf 80' lang='lat' dir='ltr'><strong>mrcitia&#39;s</strong></span> <span class='ocrx_word' id='word_1_182' title='bbox 198 2346 320 2414; x_wconf 86' lang='lat' dir='ltr'><strong>ponam</strong></span> <span class='ocrx_word' id='word_1_183' title='bbox 343 2316 429 2388; x_wconf 85' lang='lat' dir='ltr'><strong>inter</strong></span> <span class='ocrx_word' id='word_1_184' title='bbox 447 2335 479 2388; x_wconf 93' lang='lat' dir='ltr'><strong>te</strong></span> <span class='ocrx_word' id='word_1_185' title='bbox 494 2335 525 2388; x_wconf 86' lang='lat' dir='ltr'><strong>et</strong></span> <span class='ocrx_word' id='word_1_186' title='bbox 542 2319 714 2390; x_wconf 85' lang='lat' dir='ltr'><strong>mulierem</strong></span> <span class='ocrx_word' id='word_1_187' title='bbox 721 2369 735 2420; x_wconf 61' lang='lat'><em>3</em></span> <span class='ocrx_word' id='word_1_188' title='bbox 758 2319 892 2394; x_wconf 84' lang='lat' dir='ltr'><strong>otintcr</strong></span> <span class='ocrx_word' id='word_1_189' title='bbox 907 2344 1018 2391; x_wconf 81' lang='lat' dir='ltr'><strong>semen</strong></span> <span class='ocrx_word' id='word_1_190' title='bbox 1035 2335 1142 2410; x_wconf 68' lang='lat' dir='ltr'><strong>tuum,</strong></span> 
     </span>
     <span class='ocr_line' id='line_1_24' title="bbox 38 2402 1186 2505; baseline 0.002 -33"><span class='ocrx_word' id='word_1_191' title='bbox 38 2422 73 2473; x_wconf 87' lang='lat' dir='ltr'><strong>et</strong></span> <span class='ocrx_word' id='word_1_192' title='bbox 86 2423 197 2474; x_wconf 83' lang='lat' dir='ltr'><strong>semen</strong></span> <span class='ocrx_word' id='word_1_193' title='bbox 220 2405 323 2475; x_wconf 85' lang='lat' dir='ltr'><strong>illius.</strong></span> <span class='ocrx_word' id='word_1_194' title='bbox 372 2402 528 2474; x_wconf 83' lang='lat' dir='ltr'><strong>Defectus</strong></span> <span class='ocrx_word' id='word_1_195' title='bbox 544 2417 576 2472; x_wconf 87' lang='lat' dir='ltr'><strong>et</strong></span> <span class='ocrx_word' id='word_1_196' title='bbox 596 2403 852 2499; x_wconf 76' lang='lat' dir='ltr'><strong>concupiscentia</strong></span> <span class='ocrx_word' id='word_1_197' title='bbox 875 2419 951 2472; x_wconf 87' lang='lat' dir='ltr'><strong>sunt</strong></span> <span class='ocrx_word' id='word_1_198' title='bbox 967 2430 1091 2504; x_wconf 86' lang='lat' dir='ltr'><strong>poenae</strong></span> <span class='ocrx_word' id='word_1_199' title='bbox 1110 2423 1144 2505; x_wconf 64' lang='lat' dir='ltr'><strong>ct</strong></span> <span class='ocrx_word' id='word_1_200' title='bbox 1183 2427 1186 2453; x_wconf 75' lang='lat'>¹</span> 
     </span>
     <span class='ocr_line' id='line_1_25' title="bbox 37 2482 1144 2586; baseline 0.002 -28"><span class='ocrx_word' id='word_1_201' title='bbox 37 2505 186 2586; x_wconf 75' lang='lat' dir='ltr'><strong>peccatos</strong></span> <span class='ocrx_word' id='word_1_202' title='bbox 217 2493 310 2560; x_wconf 85' lang='lat' dir='ltr'><strong>Mors</strong></span> <span class='ocrx_word' id='word_1_203' title='bbox 334 2507 366 2560; x_wconf 86' lang='lat' dir='ltr'><strong>et</strong></span> <span class='ocrx_word' id='word_1_204' title='bbox 389 2487 453 2558; x_wconf 87' lang='lat' dir='ltr'><strong>alia</strong></span> <span class='ocrx_word' id='word_1_205' title='bbox 474 2487 659 2582; x_wconf 84' lang='lat' dir='ltr'><strong>corporalia</strong></span> <span class='ocrx_word' id='word_1_206' title='bbox 676 2487 784 2570; x_wconf 85' lang='lat' dir='ltr'><strong>mala,</strong></span> <span class='ocrx_word' id='word_1_207' title='bbox 808 2504 840 2558; x_wconf 89' lang='lat' dir='ltr'><strong>ct</strong></span> <span class='ocrx_word' id='word_1_208' title='bbox 856 2503 1000 2580; x_wconf 76' lang='lat' dir='ltr'><strong>tyrannis</strong></span> <span class='ocrx_word' id='word_1_209' title='bbox 1017 2482 1144 2574; x_wconf 64' lang='lat' dir='ltr'><strong>diabol}</strong></span> 
     </span>
     <span class='ocr_line' id='line_1_26' title="bbox 35 2569 1228 2672; baseline 0.003 -30"><span class='ocrx_word' id='word_1_210' title='bbox 35 2574 180 2672; x_wconf 86' lang='lat' dir='ltr'><strong>proprie¹</strong></span> <span class='ocrx_word' id='word_1_211' title='bbox 211 2597 311 2643; x_wconf 88' lang='lat' dir='ltr'><strong>oonae</strong></span> <span class='ocrx_word' id='word_1_212' title='bbox 334 2589 419 2643; x_wconf 89' lang='lat' dir='ltr'><strong>sunt.</strong></span> <span class='ocrx_word' id='word_1_213' title='bbox 462 2579 522 2640; x_wconf 87' lang='lat' dir='ltr'><strong>Est</strong></span> <span class='ocrx_word' id='word_1_214' title='bbox 543 2569 760 2654; x_wconf 27' lang='lat' dir='ltr'><strong>enimxuatura</strong></span> <span class='ocrx_word' id='word_1_215' title='bbox 779 2570 922 2642; x_wconf 78' lang='lat' dir='ltr'><strong>bumana</strong></span> <span class='ocrx_word' id='word_1_216' title='bbox 945 2573 979 2642; x_wconf 93' lang='lat' dir='ltr'><strong>in</strong></span> <span class='ocrx_word' id='word_1_217' title='bbox 1003 2575 1145 2645; x_wconf 71' lang='lat' dir='ltr'><strong>servitu-¹</strong></span> <span class='ocrx_word' id='word_1_218' title='bbox 1211 2571 1228 2608; x_wconf 87' lang='lat'><strong>&#39;&#39;</strong></span> 
     </span>
     <span class='ocr_line' id='line_1_27' title="bbox 35 2591 1153 2756; baseline 0.003 -27"><span class='ocrx_word' id='word_1_219' title='bbox 35 2678 105 2729; x_wconf 83' lang='lat' dir='ltr'><strong>tom</strong></span> <span class='ocrx_word' id='word_1_220' title='bbox 127 2591 267 2742; x_wconf 77' lang='lat' dir='ltr'><strong>tradita,</strong></span> <span class='ocrx_word' id='word_1_221' title='bbox 297 2673 329 2729; x_wconf 87' lang='lat' dir='ltr'><strong>et</strong></span> <span class='ocrx_word' id='word_1_222' title='bbox 348 2653 473 2752; x_wconf 87' lang='lat' dir='ltr'><strong>captiva</strong></span> <span class='ocrx_word' id='word_1_223' title='bbox 495 2651 661 2729; x_wconf 78' lang='lat' dir='ltr'><strong>atliabolo</strong></span> <span class='ocrx_word' id='word_1_224' title='bbox 681 2675 826 2740; x_wconf 81' lang='lat' dir='ltr'><strong>tenetur,</strong></span> <span class='ocrx_word' id='word_1_225' title='bbox 847 2657 914 2750; x_wconf 77' lang='lat' dir='ltr'><strong>¹qui</strong></span> <span class='ocrx_word' id='word_1_226' title='bbox 936 2683 1008 2728; x_wconf 88' lang='lat' dir='ltr'><strong>eam</strong></span> <span class='ocrx_word' id='word_1_227' title='bbox 1031 2655 1153 2756; x_wconf 71' lang='lat' dir='ltr'><strong>impiis,</strong></span> 
     </span>
     <span class='ocr_line' id='line_1_28' title="bbox 37 2737 1275 2839; baseline -0.004 -25"><span class='ocrx_word' id='word_1_228' title='bbox 37 2743 251 2839; x_wconf 81' lang='lat' dir='ltr'><strong>opinionibus</strong></span> <span class='ocrx_word' id='word_1_229' title='bbox 264 2759 297 2813; x_wconf 90' lang='lat' dir='ltr'><strong>et</strong></span> <span class='ocrx_word' id='word_1_230' title='bbox 312 2743 478 2814; x_wconf 86' lang='lat' dir='ltr'><strong>erroribus</strong></span> <span class='ocrx_word' id='word_1_231' title='bbox 492 2743 674 2824; x_wconf 78' lang='lat' dir='ltr'><strong>dementat,</strong></span> <span class='ocrx_word' id='word_1_232' title='bbox 702 2759 739 2814; x_wconf 89' lang='lat' dir='ltr'><strong>et</strong></span> <span class='ocrx_word' id='word_1_233' title='bbox 747 2737 887 2838; x_wconf 82' lang='lat' dir='ltr'><strong>impellit</strong></span> <span class='ocrx_word' id='word_1_234' title='bbox 902 2743 946 2811; x_wconf 87' lang='lat' dir='ltr'><strong>ad</strong></span> <span class='ocrx_word' id='word_1_235' title='bbox 959 2744 1064 2814; x_wconf 88' lang='lat' dir='ltr'><strong>omnis</strong></span> <span class='ocrx_word' id='word_1_236' title='bbox 1082 2772 1145 2838; x_wconf 48' lang='lat' dir='ltr'><strong>ge*</strong></span> <span class='ocrx_word' id='word_1_237' title='bbox 1272 2809 1275 2820; x_wconf 72' lang='grc'>,</span> 
     </span>
     <span class='ocr_line' id='line_1_29' title="bbox 36 2820 1208 2922; baseline -0.003 -26"><span class='ocrx_word' id='word_1_238' title='bbox 36 2827 297 2922; x_wconf 81' lang='lat' dir='ltr'><strong>neris&#39;peccata.-</strong></span> <span class='ocrx_word' id='word_1_239' title='bbox 334 2829 428 2900; x_wconf 83' lang='lat' dir='ltr'><strong>Sicut</strong></span> <span class='ocrx_word' id='word_1_240' title='bbox 443 2845 550 2897; x_wconf 91' lang='lat' dir='ltr'><strong>autem</strong></span> <span class='ocrx_word' id='word_1_241' title='bbox 565 2828 717 2899; x_wconf 85' lang='lat' dir='ltr'><strong>diabolus</strong></span> <span class='ocrx_word' id='word_1_242' title='bbox 731 2828 816 2898; x_wconf 81' lang='lat' dir='ltr'><strong>vinci</strong></span> <span class='ocrx_word' id='word_1_243' title='bbox 838 2853 905 2898; x_wconf 88' lang='lat' dir='ltr'><strong>non</strong></span> <span class='ocrx_word' id='word_1_244' title='bbox 923 2844 1049 2921; x_wconf 89' lang='lat' dir='ltr'><strong>potest,</strong></span> <span class='ocrx_word' id='word_1_245' title='bbox 1075 2820 1146 2911; x_wconf 80' lang='lat' dir='ltr'><strong>nisi</strong></span> <span class='ocrx_word' id='word_1_246' title='bbox 1204 2885 1208 2892; x_wconf 84' lang='lat'>.</span> 
     </span>
     <span class='ocr_line' id='line_1_30' title="bbox 37 2907 1145 3013; baseline 0.002 -31"><span class='ocrx_word' id='word_1_247' title='bbox 37 2911 162 2990; x_wconf 84' lang='lat' dir='ltr'><strong>auxilio</strong></span> <span class='ocrx_word' id='word_1_248' title='bbox 178 2909 322 2997; x_wconf 79' lang='lat' dir='ltr'><strong>Christi,</strong></span> <span class='ocrx_word' id='word_1_249' title='bbox 352 2913 398 2982; x_wconf 87' lang='lat' dir='ltr'><strong>ita</strong></span> <span class='ocrx_word' id='word_1_250' title='bbox 420 2921 487 2982; x_wconf 88' lang='lat' dir='ltr'><strong>non</strong></span> <span class='ocrx_word' id='word_1_251' title='bbox 507 2935 682 3007; x_wconf 82' lang='lat' dir='ltr'><strong>possumus</strong></span> <span class='ocrx_word' id='word_1_252' title='bbox 708 2934 768 2982; x_wconf 90' lang='lat' dir='ltr'><strong>nos</strong></span> <span class='ocrx_word' id='word_1_253' title='bbox 790 2907 934 3013; x_wconf 82' lang='lat' dir='ltr'><strong>propriis</strong></span> <span class='ocrx_word' id='word_1_254' title='bbox 954 2912 1081 2983; x_wconf 84' lang='lat' dir='ltr'><strong>viribus</strong></span> <span class='ocrx_word' id='word_1_255' title='bbox 1105 2941 1145 2984; x_wconf 80' lang='lat' dir='ltr'><strong>ex</strong></span> 
     </span>
     <span class='ocr_line' id='line_1_31' title="bbox 38 2993 1145 3093; baseline 0.003 -28"><span class='ocrx_word' id='word_1_256' title='bbox 38 2995 106 3065; x_wconf 87' lang='lat' dir='ltr'><strong>ista</strong></span> <span class='ocrx_word' id='word_1_257' title='bbox 121 2997 274 3066; x_wconf 87' lang='lat' dir='ltr'><strong>servituto</strong></span> <span class='ocrx_word' id='word_1_258' title='bbox 288 2997 451 3084; x_wconf 58' lang='lat' dir='ltr'><strong>eximere„</strong></span> <span class='ocrx_word' id='word_1_259' title='bbox 480 2993 553 3093; x_wconf 85' lang='lat' dir='ltr'><strong>lpsa</strong></span> <span class='ocrx_word' id='word_1_260' title='bbox 568 2997 682 3066; x_wconf 90' lang='lat' dir='ltr'><strong>mundi</strong></span> <span class='ocrx_word' id='word_1_261' title='bbox 694 2995 835 3067; x_wconf 74' lang='lat' dir='ltr'><strong>historia</strong></span> <span class='ocrx_word' id='word_1_262' title='bbox 850 2995 1001 3080; x_wconf 85' lang='lat' dir='ltr'><strong>ostendit,</strong></span> <span class='ocrx_word' id='word_1_263' title='bbox 1044 3015 1145 3068; x_wconf 80' lang='lat' dir='ltr'><strong>nanta</strong></span> 
     </span>
     <span class='ocr_line' id='line_1_32' title="bbox 39 3024 1227 3182; baseline 0.003 -33"><span class='ocrx_word' id='word_1_264' title='bbox 39 3080 85 3149; x_wconf 82' lang='lat' dir='ltr'><strong>sit</strong></span> <span class='ocrx_word' id='word_1_265' title='bbox 101 3081 244 3174; x_wconf 74' lang='lat' dir='ltr'><strong>potentia</strong></span> <span class='ocrx_word' id='word_1_266' title='bbox 264 3082 356 3174; x_wconf 85' lang='lat' dir='ltr'><strong>regni</strong></span> <span class='ocrx_word' id='word_1_267' title='bbox 375 3081 510 3170; x_wconf 88' lang='lat' dir='ltr'><strong>diaboli.</strong></span> <span class='ocrx_word' id='word_1_268' title='bbox 560 3082 682 3152; x_wconf 89' lang='lat' dir='ltr'><strong>Plenus</strong></span> <span class='ocrx_word' id='word_1_269' title='bbox 704 3099 752 3152; x_wconf 87' lang='lat' dir='ltr'><strong>ost</strong></span> <span class='ocrx_word' id='word_1_270' title='bbox 766 3081 908 3150; x_wconf 90' lang='lat' dir='ltr'><strong>mundus</strong></span> <span class='ocrx_word' id='word_1_271' title='bbox 929 3024 1147 3182; x_wconf 72' lang='lat' dir='ltr'><strong>blasphemiis</strong></span> <span class='ocrx_word' id='word_1_272' title='bbox 1225 3101 1227 3114; x_wconf 91' lang='grc'><em>·</em></span> 
     </span>
     <span class='ocr_line' id='line_1_33' title="bbox 38 3159 1149 3266; baseline 0.004 -32"><span class='ocrx_word' id='word_1_273' title='bbox 38 3181 153 3234; x_wconf 89' lang='lat' dir='ltr'><strong>contra</strong></span> <span class='ocrx_word' id='word_1_274' title='bbox 166 3169 294 3244; x_wconf 87' lang='lat' dir='ltr'><strong>Deum,</strong></span> <span class='ocrx_word' id='word_1_275' title='bbox 326 3182 359 3234; x_wconf 89' lang='lat' dir='ltr'><strong>et</strong></span> <span class='ocrx_word' id='word_1_276' title='bbox 378 3165 489 3266; x_wconf 84' lang='lat' dir='ltr'><strong>impiis</strong></span> <span class='ocrx_word' id='word_1_277' title='bbox 511 3166 739 3260; x_wconf 87' lang='lat' dir='ltr'><strong>opinionibus,</strong></span> <span class='ocrx_word' id='word_1_278' title='bbox 772 3159 870 3234; x_wconf 88' lang='lat' dir='ltr'><strong>ethis</strong></span> <span class='ocrx_word' id='word_1_279' title='bbox 887 3160 1021 3254; x_wconf 77' lang='lat' dir='ltr'><strong>vinculis</strong></span> <span class='ocrx_word' id='word_1_280' title='bbox 1046 3163 1149 3238; x_wconf 62' lang='lat' dir='ltr'><strong>hahet</strong></span> 
     </span>
     <span class='ocr_line' id='line_1_34' title="bbox 37 3245 1148 3349; baseline 0.002 -30"><span class='ocrx_word' id='word_1_281' title='bbox 37 3246 194 3319; x_wconf 87' lang='lat' dir='ltr'><strong>diabolus</strong></span> <span class='ocrx_word' id='word_1_282' title='bbox 214 3248 358 3320; x_wconf 87' lang='lat' dir='ltr'><strong>irretitos</strong></span> <span class='ocrx_word' id='word_1_283' title='bbox 373 3267 536 3347; x_wconf 77' lang='lat' dir='ltr'><strong>saptentes</strong></span> <span class='ocrx_word' id='word_1_284' title='bbox 549 3265 581 3318; x_wconf 88' lang='lat' dir='ltr'><strong>et</strong></span> <span class='ocrx_word' id='word_1_285' title='bbox 597 3252 704 3340; x_wconf 83' lang='lat' dir='ltr'><strong>justos</strong></span> <span class='ocrx_word' id='word_1_286' title='bbox 720 3250 981 3330; x_wconf 85' lang='lat' dir='ltr'><strong>corammundo.</strong></span> <span class='ocrx_word' id='word_1_287' title='bbox 1006 3251 1053 3349; x_wconf 38' lang='lat' dir='ltr'><strong>,In</strong></span> <span class='ocrx_word' id='word_1_288' title='bbox 1068 3245 1148 3322; x_wconf 72' lang='lat' dir='ltr'><strong>aliia</strong></span> 
     </span>
     <span class='ocr_line' id='line_1_35' title="bbox 36 3330 1172 3424; baseline 0.004 -22"><span class='ocrx_word' id='word_1_289' title='bbox 36 3333 216 3404; x_wconf 83' lang='lat' dir='ltr'><strong>ostendunt</strong></span> <span class='ocrx_word' id='word_1_290' title='bbox 238 3359 272 3402; x_wconf 87' lang='lat' dir='ltr'><strong>so</strong></span> <span class='ocrx_word' id='word_1_291' title='bbox 298 3333 457 3404; x_wconf 85' lang='lat' dir='ltr'><strong>crassiora</strong></span> <span class='ocrx_word' id='word_1_292' title='bbox 479 3333 569 3403; x_wconf 74' lang='lat' dir='ltr'><strong>vitra.</strong></span> <span class='ocrx_word' id='word_1_293' title='bbox 623 3336 710 3404; x_wconf 88' lang='lat' dir='ltr'><strong>Cum</strong></span> <span class='ocrx_word' id='word_1_294' title='bbox 735 3351 845 3404; x_wconf 86' lang='lat' dir='ltr'><strong>autem</strong></span> <span class='ocrx_word' id='word_1_295' title='bbox 870 3333 963 3404; x_wconf 78' lang='lat' dir='ltr'><strong>datus</strong></span> <span class='ocrx_word' id='word_1_296' title='bbox 987 3353 1031 3407; x_wconf 81' lang='lat' dir='ltr'><strong>stt</strong></span> <span class='ocrx_word' id='word_1_297' title='bbox 1049 3330 1172 3424; x_wconf 32' lang='lat' dir='ltr'><strong>nohis,</strong></span> 
     </span>
     <span class='ocr_line' id='line_1_36' title="bbox 39 3415 1149 3514; baseline 0.005 -26"><span class='ocrx_word' id='word_1_298' title='bbox 39 3416 212 3502; x_wconf 87' lang='lat' dir='ltr'><strong>Christus,</strong></span> <span class='ocrx_word' id='word_1_299' title='bbox 264 3418 298 3486; x_wconf 90' lang='lat' dir='ltr'><strong>ui</strong></span> <span class='ocrx_word' id='word_1_300' title='bbox 322 3433 354 3488; x_wconf 87' lang='lat' dir='ltr'><strong>ct</strong></span> <span class='ocrx_word' id='word_1_301' title='bbox 378 3415 458 3514; x_wconf 76' lang='lat' dir='ltr'><strong>haec</strong></span> <span class='ocrx_word' id='word_1_302' title='bbox 480 3435 626 3514; x_wconf 80' lang='lat' dir='ltr'><strong>peccata,</strong></span> <span class='ocrx_word' id='word_1_303' title='bbox 660 3437 691 3488; x_wconf 87' lang='lat' dir='ltr'><strong>et</strong></span> <span class='ocrx_word' id='word_1_304' title='bbox 709 3417 768 3490; x_wconf 83' lang='lat' dir='ltr'><strong>has</strong></span> <span class='ocrx_word' id='word_1_305' title='bbox 818 3437 917 3494; x_wconf 86' lang='lat' dir='ltr'><strong>oenas</strong></span> <span class='ocrx_word' id='word_1_306' title='bbox 940 3421 1084 3504; x_wconf 85' lang='lat' dir='ltr'><strong>auferat,</strong></span> <span class='ocrx_word' id='word_1_307' title='bbox 1115 3439 1149 3493; x_wconf 83' lang='lat' dir='ltr'><strong>ct</strong></span> 
     </span>
     <span class='ocr_line' id='line_1_37' title="bbox 21 3444 1169 3598; baseline 0.004 -26"><span class='ocrx_word' id='word_1_308' title='bbox 21 3520 76 3572; x_wconf 89' lang='lat' dir='ltr'><strong>‘re</strong></span> <span class='ocrx_word' id='word_1_309' title='bbox 123 3529 180 3574; x_wconf 91' lang='lat' dir='ltr'><strong>um</strong></span> <span class='ocrx_word' id='word_1_310' title='bbox 203 3503 236 3572; x_wconf 89' lang='lat' dir='ltr'><strong>di</strong></span> <span class='ocrx_word' id='word_1_311' title='bbox 282 3502 347 3584; x_wconf 88' lang='lat' dir='ltr'><strong>oli,</strong></span> <span class='ocrx_word' id='word_1_312' title='bbox 382 3501 607 3598; x_wconf 60' lang='lat' dir='ltr'><strong>peccatum‘et</strong></span> <span class='ocrx_word' id='word_1_313' title='bbox 629 3521 768 3574; x_wconf 87' lang='lat' dir='ltr'><strong>mortem</strong></span> <span class='ocrx_word' id='word_1_314' title='bbox 792 3444 957 3588; x_wconf 75' lang='lat' dir='ltr'><strong>destruat,</strong></span> <span class='ocrx_word' id='word_1_315' title='bbox 992 3502 1169 3578; x_wconf 85' lang='lat' dir='ltr'><strong>beneficia</strong></span> 
     </span>
     <span class='ocr_line' id='line_1_38' title="bbox 95 3585 1184 3682; baseline 0.004 -24"><span class='ocrx_word' id='word_1_316' title='bbox 95 3587 169 3658; x_wconf 87' lang='lat' dir='ltr'><strong>risti</strong></span> <span class='ocrx_word' id='word_1_317' title='bbox 190 3613 258 3657; x_wconf 91' lang='lat' dir='ltr'><strong>non</strong></span> <span class='ocrx_word' id='word_1_318' title='bbox 279 3604 432 3682; x_wconf 88' lang='lat' dir='ltr'><strong>poterunt</strong></span> <span class='ocrx_word' id='word_1_319' title='bbox 450 3589 620 3677; x_wconf 82' lang='lat' dir='ltr'><strong>cognosci,</strong></span> <span class='ocrx_word' id='word_1_320' title='bbox 650 3589 715 3658; x_wconf 89' lang='lat' dir='ltr'><strong>nisi</strong></span> <span class='ocrx_word' id='word_1_321' title='bbox 732 3585 958 3678; x_wconf 83' lang='lat' dir='ltr'><strong>intelligamus</strong></span> <span class='ocrx_word' id='word_1_322' title='bbox 977 3587 1149 3680; x_wconf 76' lang='lat' dir='ltr'><strong>malano·</strong></span> <span class='ocrx_word' id='word_1_323' title='bbox 1181 3617 1184 3626; x_wconf 66' lang='lat'><strong>¹</strong></span> 
     </span>
     <span class='ocr_line' id='line_1_39' title="bbox 38 3665 1332 3766; baseline 0.005 -24"><span class='ocrx_word' id='word_1_324' title='bbox 38 3689 117 3742; x_wconf 87' lang='lat' dir='ltr'><strong>stra.</strong></span> <span class='ocrx_word' id='word_1_325' title='bbox 161 3673 239 3742; x_wconf 88' lang='lat' dir='ltr'><strong>ldeo</strong></span> <span class='ocrx_word' id='word_1_326' title='bbox 257 3673 297 3742; x_wconf 92' lang='lat' dir='ltr'><strong>de</strong></span> <span class='ocrx_word' id='word_1_327' title='bbox 313 3665 477 3742; x_wconf 81' lang='lat' dir='ltr'><strong>hisrohus</strong></span> <span class='ocrx_word' id='word_1_328' title='bbox 497 3676 600 3744; x_wconf 91' lang='lat' dir='ltr'><strong>nostri</strong></span> <span class='ocrx_word' id='word_1_329' title='bbox 621 3673 864 3746; x_wconf 83' lang='lat' dir='ltr'><strong>concionatores</strong></span> <span class='ocrx_word' id='word_1_330' title='bbox 885 3665 1061 3766; x_wconf 83' lang='lat' dir='ltr'><strong>diligenter</strong></span> <span class='ocrx_word' id='word_1_331' title='bbox 1083 3677 1150 3748; x_wconf 78' lang='lat' dir='ltr'><strong>do·</strong></span> <span class='ocrx_word' id='word_1_332' title='bbox 1219 3705 1221 3714; x_wconf 69' lang='lat'><strong><em>¹</em></strong></span> <span class='ocrx_word' id='word_1_333' title='bbox 1328 3687 1332 3700; x_wconf 93' lang='lat'>&#39;</span> 
     </span>
     <span class='ocr_line' id='line_1_40' title="bbox 39 3748 1150 3854; baseline 0.007 -30"><span class='ocrx_word' id='word_1_334' title='bbox 39 3775 196 3840; x_wconf 86' lang='lat' dir='ltr'><strong>cuerunt,</strong></span> <span class='ocrx_word' id='word_1_335' title='bbox 219 3769 252 3826; x_wconf 86' lang='lat' dir='ltr'><strong>ct</strong></span> <span class='ocrx_word' id='word_1_336' title='bbox 264 3757 348 3825; x_wconf 90' lang='lat' dir='ltr'><strong>nibil</strong></span> <span class='ocrx_word' id='word_1_337' title='bbox 369 3757 445 3826; x_wconf 89' lang='lat' dir='ltr'><strong>novi</strong></span> <span class='ocrx_word' id='word_1_338' title='bbox 461 3748 685 3840; x_wconf 84' lang='lat' dir='ltr'><strong>tradiderunt,</strong></span> <span class='ocrx_word' id='word_1_339' title='bbox 708 3759 765 3827; x_wconf 90' lang='lat' dir='ltr'><strong>sed</strong></span> <span class='ocrx_word' id='word_1_340' title='bbox 782 3775 925 3826; x_wconf 87' lang='lat' dir='ltr'><strong>sanctam</strong></span> <span class='ocrx_word' id='word_1_341' title='bbox 940 3755 1150 3854; x_wconf 85' lang='lat' dir='ltr'><strong>scripturam,</strong></span> 
     </span>
     <span class='ocr_line' id='line_1_41' title="bbox 39 3842 901 3938; baseline 0.003 -29"><span class='ocrx_word' id='word_1_342' title='bbox 39 3857 76 3909; x_wconf 88' lang='lat' dir='ltr'><strong>et</strong></span> <span class='ocrx_word' id='word_1_343' title='bbox 97 3858 282 3912; x_wconf 87' lang='lat' dir='ltr'><strong>sanctorum</strong></span> <span class='ocrx_word' id='word_1_344' title='bbox 298 3845 433 3911; x_wconf 78' lang='lat' dir='ltr'><strong>Petrum</strong></span> <span class='ocrx_word' id='word_1_345' title='bbox 454 3842 630 3914; x_wconf 88' lang='lat' dir='ltr'><strong>sententias</strong></span> <span class='ocrx_word' id='word_1_346' title='bbox 643 3859 901 3938; x_wconf 82' lang='lat' dir='ltr'><strong>proposuerunt.¹</strong></span> 
     </span>
     <span class='ocr_line' id='line_1_42' title="bbox 129 3926 1151 4021; baseline 0.008 -29"><span class='ocrx_word' id='word_1_347' title='bbox 129 3929 219 3994; x_wconf 85' lang='lat' dir='ltr'><strong>Haec</strong></span> <span class='ocrx_word' id='word_1_348' title='bbox 242 3927 439 3996; x_wconf 82' lang='lat' dir='ltr'><strong>arbitramur</strong></span> <span class='ocrx_word' id='word_1_349' title='bbox 463 3927 668 4001; x_wconf 74' lang='lat' dir='ltr'><strong>satisfactura</strong></span> <span class='ocrx_word' id='word_1_350' title='bbox 691 3953 760 4000; x_wconf 85' lang='lat' dir='ltr'><strong>csse</strong></span> <span class='ocrx_word' id='word_1_351' title='bbox 785 3929 878 4001; x_wconf 86' lang='lat' dir='ltr'><strong>Caes.</strong></span> <span class='ocrx_word' id='word_1_352' title='bbox 894 3926 1091 4021; x_wconf 76' lang='lat' dir='ltr'><strong>Maiestati,</strong></span> <span class='ocrx_word' id='word_1_353' title='bbox 1109 3930 1151 4000; x_wconf 87' lang='lat' dir='ltr'><strong>de</strong></span> 
     </span>
     <span class='ocr_line' id='line_1_43' title="bbox 39 4007 1152 4112; baseline 0.004 -32"><span class='ocrx_word' id='word_1_354' title='bbox 39 4007 230 4106; x_wconf 79' lang='lat' dir='ltr'><strong>puerilibus</strong></span> <span class='ocrx_word' id='word_1_355' title='bbox 245 4028 276 4080; x_wconf 88' lang='lat' dir='ltr'><strong>et</strong></span> <span class='ocrx_word' id='word_1_356' title='bbox 292 4010 420 4102; x_wconf 83' lang='lat' dir='ltr'><strong>frigidis</strong></span> <span class='ocrx_word' id='word_1_357' title='bbox 440 4010 724 4095; x_wconf 86' lang='lat' dir='ltr'><strong>cavillationibus,</strong></span> <span class='ocrx_word' id='word_1_358' title='bbox 737 4008 861 4112; x_wconf 31' lang='lat' dir='ltr'><strong>‘quihus</strong></span> <span class='ocrx_word' id='word_1_359' title='bbox 880 4009 1055 4084; x_wconf 85' lang='lat' dir='ltr'><strong>adversarii</strong></span> <span class='ocrx_word' id='word_1_360' title='bbox 1066 4015 1152 4084; x_wconf 78' lang='lat' dir='ltr'><strong>arti-</strong></span> 
     </span>
     <span class='ocr_line' id='line_1_44' title="bbox 39 4095 1152 4172; baseline 0.003 -7"><span class='ocrx_word' id='word_1_361' title='bbox 39 4095 156 4165; x_wconf 87' lang='lat' dir='ltr'><strong>culum</strong></span> <span class='ocrx_word' id='word_1_362' title='bbox 170 4107 318 4162; x_wconf 85' lang='lat' dir='ltr'><strong>nostrum</strong></span> <span class='ocrx_word' id='word_1_363' title='bbox 339 4095 532 4164; x_wconf 82' lang='lat' dir='ltr'><strong>calumniati</strong></span> <span class='ocrx_word' id='word_1_364' title='bbox 554 4113 641 4172; x_wconf 84' lang='lat' dir='ltr'><strong>sunt.</strong></span> <span class='ocrx_word' id='word_1_365' title='bbox 693 4097 924 4166; x_wconf 75' lang='lat' dir='ltr'><strong>Scirum-eninr</strong></span> <span class='ocrx_word' id='word_1_366' title='bbox 944 4123 1005 4167; x_wconf 90' lang='lat' dir='ltr'><strong>nos</strong></span> <span class='ocrx_word' id='word_1_367' title='bbox 1020 4117 1103 4170; x_wconf 85' lang='lat' dir='ltr'><strong>recte</strong></span> <span class='ocrx_word' id='word_1_368' title='bbox 1118 4115 1152 4170; x_wconf 86' lang='lat' dir='ltr'><strong>ct</strong></span> 
     </span>
     <span class='ocr_line' id='line_1_45' title="bbox 43 4177 1153 4256; baseline 0.005 -7"><span class='ocrx_word' id='word_1_369' title='bbox 43 4207 121 4250; x_wconf 89' lang='lat' dir='ltr'><strong>cum</strong></span> <span class='ocrx_word' id='word_1_370' title='bbox 144 4177 306 4256; x_wconf 80' lang='lat' dir='ltr'><strong>catholica</strong></span> <span class='ocrx_word' id='word_1_371' title='bbox 319 4180 465 4249; x_wconf 88' lang='lat' dir='ltr'><strong>Ecclesia</strong></span> <span class='ocrx_word' id='word_1_372' title='bbox 492 4180 615 4250; x_wconf 89' lang='lat' dir='ltr'><strong>Christi</strong></span> <span class='ocrx_word' id='word_1_373' title='bbox 639 4181 768 4250; x_wconf 86' lang='lat' dir='ltr'><strong>sentire.</strong></span> <span class='ocrx_word' id='word_1_374' title='bbox 822 4179 888 4249; x_wconf 88' lang='lat' dir='ltr'><strong>Sed</strong></span> <span class='ocrx_word' id='word_1_375' title='bbox 904 4182 931 4250; x_wconf 92' lang='lat' dir='ltr'><strong>si</strong></span> <span class='ocrx_word' id='word_1_376' title='bbox 949 4187 1153 4256; x_wconf 82' lang='lat' dir='ltr'><strong>renovabunt</strong></span> 
     </span>
     <span class='ocr_line' id='line_1_46' title="bbox 45 4261 1152 4422; baseline 0.004 -86"><span class='ocrx_word' id='word_1_377' title='bbox 45 4264 131 4355; x_wconf 86' lang='lat' dir='ltr'><strong>hanc</strong></span> <span class='ocrx_word' id='word_1_378' title='bbox 148 4261 400 4336; x_wconf 83' lang='lat' dir='ltr'><strong>controversiam</strong></span> <span class='ocrx_word' id='word_1_379' title='bbox 407 4265 617 4357; x_wconf 52' lang='lat' dir='ltr'><strong>4adversarii,</strong></span> <span class='ocrx_word' id='word_1_380' title='bbox 643 4283 710 4338; x_wconf 85' lang='lat' dir='ltr'><strong>non</strong></span> <span class='ocrx_word' id='word_1_381' title='bbox 724 4264 870 4340; x_wconf 87' lang='lat' dir='ltr'><strong>defuturi</strong></span> <span class='ocrx_word' id='word_1_382' title='bbox 886 4271 1152 4422; x_wconf 69' lang='lat' dir='ltr'><strong>suntDapud.›nos,</strong></span> 
     </span>
     <span class='ocr_line' id='line_1_47' title="bbox 461 4384 1029 4422; baseline 0.002 -1"><span class='ocrx_word' id='word_1_383' title='bbox 461 4391 464 4397; x_wconf 90' lang='grc'><em>“</em></span> <span class='ocrx_word' id='word_1_384' title='bbox 807 4387 812 4401; x_wconf 47' lang='lat' dir='ltr'><strong>l</strong></span> <span class='ocrx_word' id='word_1_385' title='bbox 941 4400 943 4408; x_wconf 77' lang='lat'><strong><em>¹</em></strong></span> <span class='ocrx_word' id='word_1_386' title='bbox 1012 4384 1029 4422; x_wconf 76' lang='lat'>2</span> 
     </span>
    </p>
   </div>
   <div class='ocr_carea' id='block_1_5' title="bbox 0 0 1384 4902">
    <p class='ocr_par' dir='ltr' id='par_1_16' title="bbox 0 0 1384 4902">
     <span class='ocr_line' id='line_1_48' title="bbox 0 0 1384 4902; baseline 0 0"><span class='ocrx_word' id='word_1_387' title='bbox 0 0 1384 4902; x_wconf 95' lang='lat' dir='ltr'><strong> </strong></span> 
     </span>
    </p>
   </div>
  </div>
 </body>
</html>
