<?xml version="1.0" encoding="UTF-8"?>
<!DOCTYPE html PUBLIC "-//W3C//DTD XHTML 1.0 Transitional//EN"
    "http://www.w3.org/TR/xhtml1/DTD/xhtml1-transitional.dtd">
<html xmlns="http://www.w3.org/1999/xhtml" xml:lang="en" lang="en">
 <head>
  <title>
</title>
<meta http-equiv="Content-Type" content="text/html;charset=utf-8" />
  <meta name='ocr-system' content='tesseract 3.04.00' />
  <meta name='ocr-capabilities' content='ocr_page ocr_carea ocr_par ocr_line ocrx_word'/>
</head>
<body>
  <div class='ocr_page' id='page_1' title='image "./librisymbolicie03churgoog/librisymbolicie03churgoog_0211.png"; bbox 0 0 2548 4906; ppageno 0'>
   <div class='ocr_carea' id='block_1_1' title="bbox 50 1012 1089 1108">
    <p class='ocr_par' dir='ltr' id='par_1_1' title="bbox 50 1012 1089 1108">
     <span class='ocr_line' id='line_1_1' title="bbox 50 1012 1089 1108; baseline 0.002 -24"><span class='ocrx_word' id='word_1_1' title='bbox 50 1051 57 1070; x_wconf 90' lang='lat'><strong>·</strong></span> <span class='ocrx_word' id='word_1_2' title='bbox 135 1049 160 1074; x_wconf 58' lang='grc' dir='ltr'><em>υ</em></span> <span class='ocrx_word' id='word_1_3' title='bbox 232 1033 299 1088; x_wconf 89' lang='lat' dir='ltr'><strong>tur.</strong></span> <span class='ocrx_word' id='word_1_4' title='bbox 341 1013 430 1082; x_wconf 87' lang='lat' dir='ltr'><strong>Male</strong></span> <span class='ocrx_word' id='word_1_5' title='bbox 445 1014 575 1082; x_wconf 89' lang='lat' dir='ltr'><strong>valeant</strong></span> <span class='ocrx_word' id='word_1_6' title='bbox 588 1029 671 1082; x_wconf 80' lang='lat' dir='ltr'><strong>istae</strong></span> <span class='ocrx_word' id='word_1_7' title='bbox 686 1012 891 1083; x_wconf 83' lang='lat' dir='ltr'><strong>Pharisaicae</strong></span> <span class='ocrx_word' id='word_1_8' title='bbox 908 1039 1089 1108; x_wconf 89' lang='lat' dir='ltr'><strong>opiniones.</strong></span> 
     </span>
    </p>
   </div>
   <div class='ocr_carea' id='block_1_2' title="bbox 196 277 914 424">
    <p class='ocr_par' dir='ltr' id='par_1_2' title="bbox 196 277 914 438">
     <span class='ocr_line' id='line_1_2' title="bbox 196 277 914 424; baseline 0.001 -29"><span class='ocrx_word' id='word_1_9' title='bbox 196 301 198 306; x_wconf 32' lang='lat'>⁵</span> <span class='ocrx_word' id='word_1_10' title='bbox 237 292 305 420; x_wconf 74' lang='lat' dir='ltr'><strong>iqn</strong></span> <span class='ocrx_word' id='word_1_11' title='bbox 623 331 625 336; x_wconf 85' lang='lat'>&#39;</span> <span class='ocrx_word' id='word_1_12' title='bbox 686 277 914 424; x_wconf 16' lang='lat' dir='ltr'><strong>&#39;qulogiu&#39;l</strong></span> 
     </span>
    </p>
   </div>
   <div class='ocr_carea' id='block_1_3' title="bbox 133 481 1235 946">
    <p class='ocr_par' dir='ltr' id='par_1_3' title="bbox 133 481 1235 946">
     <span class='ocr_line' id='line_1_3' title="bbox 225 481 1235 598; baseline -0.004 -19"><span class='ocrx_word' id='word_1_13' title='bbox 225 512 319 580; x_wconf 78' lang='lat' dir='ltr'><strong>Nam</strong></span> <span class='ocrx_word' id='word_1_14' title='bbox 336 507 397 574; x_wconf 81' lang='lat' dir='ltr'><strong>etsi</strong></span> <span class='ocrx_word' id='word_1_15' title='bbox 412 503 496 574; x_wconf 81' lang='lat' dir='ltr'><strong>aliae</strong></span> <span class='ocrx_word' id='word_1_16' title='bbox 514 494 734 598; x_wconf 83' lang='lat' dir='ltr'><strong>frequentius,</strong></span> <span class='ocrx_word' id='word_1_17' title='bbox 764 504 847 574; x_wconf 84' lang='lat' dir='ltr'><strong>aliae</strong></span> <span class='ocrx_word' id='word_1_18' title='bbox 865 481 1235 596; x_wconf 24' lang='lat' dir='ltr'><strong>rarius-‚admiscuerunttl</strong></span> 
     </span>
     <span class='ocr_line' id='line_1_4' title="bbox 231 585 1235 685; baseline -0.002 -22"><span class='ocrx_word' id='word_1_19' title='bbox 231 590 375 663; x_wconf 89' lang='lat' dir='ltr'><strong>manicas</strong></span> <span class='ocrx_word' id='word_1_20' title='bbox 389 593 574 672; x_wconf 89' lang='lat' dir='ltr'><strong>cantiones,</strong></span> <span class='ocrx_word' id='word_1_21' title='bbox 605 605 714 658; x_wconf 87' lang='lat' dir='ltr'><strong>tamen</strong></span> <span class='ocrx_word' id='word_1_22' title='bbox 736 589 803 660; x_wconf 83' lang='lat' dir='ltr'><strong>sere</strong></span> <span class='ocrx_word' id='word_1_23' title='bbox 817 590 939 685; x_wconf 76' lang='lat' dir='ltr'><strong>ubique</strong></span> <span class='ocrx_word' id='word_1_24' title='bbox 962 585 1091 685; x_wconf 82' lang='lat' dir='ltr'><strong>aliquid</strong></span> <span class='ocrx_word' id='word_1_25' title='bbox 1114 595 1235 662; x_wconf 82' lang='lat' dir='ltr'><strong>canebat</strong></span> 
     </span>
     <span class='ocr_line' id='line_1_5' title="bbox 133 673 1225 774; baseline 0 -29"><span class='ocrx_word' id='word_1_26' title='bbox 133 685 155 755; x_wconf 74' lang='lat'><strong>,⁶</strong></span> <span class='ocrx_word' id='word_1_27' title='bbox 231 675 330 774; x_wconf 85' lang='lat' dir='ltr'><strong>pulus</strong></span> <span class='ocrx_word' id='word_1_28' title='bbox 348 698 406 744; x_wconf 90' lang='lat' dir='ltr'><strong>sua</strong></span> <span class='ocrx_word' id='word_1_29' title='bbox 422 674 545 765; x_wconf 85' lang='lat' dir='ltr'><strong>lingua.</strong></span> <span class='ocrx_word' id='word_1_30' title='bbox 588 673 674 743; x_wconf 88' lang='lat' dir='ltr'><strong>lllud</strong></span> <span class='ocrx_word' id='word_1_31' title='bbox 686 700 763 744; x_wconf 89' lang='lat' dir='ltr'><strong>vero</strong></span> <span class='ocrx_word' id='word_1_32' title='bbox 781 701 942 769; x_wconf 78' lang='lat' dir='ltr'>nusquam</span> <span class='ocrx_word' id='word_1_33' title='bbox 956 677 1111 769; x_wconf 82' lang='lat' dir='ltr'><strong>scriptum</strong></span> <span class='ocrx_word' id='word_1_34' title='bbox 1130 693 1179 746; x_wconf 91' lang='lat' dir='ltr'><strong>aut</strong></span> <span class='ocrx_word' id='word_1_35' title='bbox 1194 679 1225 771; x_wconf 85' lang='lat' dir='ltr'><strong>pii</strong></span> 
     </span>
     <span class='ocr_line' id='line_1_6' title="bbox 234 759 1228 853; baseline -0.005 -22"><span class='ocrx_word' id='word_1_36' title='bbox 234 778 298 844; x_wconf 90' lang='lat' dir='ltr'><strong>est,</strong></span> <span class='ocrx_word' id='word_1_37' title='bbox 330 759 519 830; x_wconf 90' lang='lat' dir='ltr'><strong>horninibus</strong></span> <span class='ocrx_word' id='word_1_38' title='bbox 537 762 696 853; x_wconf 88' lang='lat' dir='ltr'><strong>prodesse·</strong></span> <span class='ocrx_word' id='word_1_39' title='bbox 707 785 788 853; x_wconf 91' lang='lat' dir='ltr'><strong>opus</strong></span> <span class='ocrx_word' id='word_1_40' title='bbox 808 761 963 830; x_wconf 85' lang='lat' dir='ltr'><strong>audiendi</strong></span> <span class='ocrx_word' id='word_1_41' title='bbox 978 760 1131 833; x_wconf 84' lang='lat' dir='ltr'><strong>lectiones</strong></span> <span class='ocrx_word' id='word_1_42' title='bbox 1146 761 1228 830; x_wconf 89' lang='lat' dir='ltr'><strong>nonii</strong></span> 
     </span>
     <span class='ocr_line' id='line_1_7' title="bbox 182 843 1223 946; baseline -0.003 -29"><span class='ocrx_word' id='word_1_43' title='bbox 182 871 189 877; x_wconf 75' lang='lat'>·</span> <span class='ocrx_word' id='word_1_44' title='bbox 232 847 351 929; x_wconf 89' lang='lat' dir='ltr'><strong>lectas,</strong></span> <span class='ocrx_word' id='word_1_45' title='bbox 377 845 530 939; x_wconf 86' lang='lat' dir='ltr'><strong>prodesse</strong></span> <span class='ocrx_word' id='word_1_46' title='bbox 548 843 768 926; x_wconf 81' lang='lat' dir='ltr'>ceremonias,</span> <span class='ocrx_word' id='word_1_47' title='bbox 794 845 1223 946; x_wconf 51' lang='lat' dir='ltr'><strong>nunquia·doceant,3velid</strong></span> 
     </span>
    </p>
   </div>
   <div class='ocr_carea' id='block_1_4' title="bbox 232 929 1235 1032">
    <p class='ocr_par' dir='ltr' id='par_1_4' title="bbox 232 929 1235 1048">
     <span class='ocr_line' id='line_1_8' title="bbox 232 929 1235 1032; baseline -0.005 -30"><span class='ocrx_word' id='word_1_48' title='bbox 232 947 347 1012; x_wconf 86' lang='lat' dir='ltr'><strong>noant,</strong></span> <span class='ocrx_word' id='word_1_49' title='bbox 380 929 436 998; x_wconf 85' lang='lat' dir='ltr'><strong>sed</strong></span> <span class='ocrx_word' id='word_1_50' title='bbox 455 955 492 996; x_wconf 88' lang='lat' dir='ltr'><strong>ex</strong></span> <span class='ocrx_word' id='word_1_51' title='bbox 509 953 605 1028; x_wconf 75' lang='lat' dir='ltr'><strong>operc</strong></span> <span class='ocrx_word' id='word_1_52' title='bbox 625 945 785 1028; x_wconf 68' lang='lat' dir='ltr'><strong>operato,</strong></span> <span class='ocrx_word' id='word_1_53' title='bbox 802 954 880 1030; x_wconf 76' lang='lat' dir='ltr'><strong>qnia</strong></span> <span class='ocrx_word' id='word_1_54' title='bbox 903 929 1059 1032; x_wconf 29' lang='lat' dir='ltr'><strong>sieUtiant,</strong></span> <span class='ocrx_word' id='word_1_55' title='bbox 1085 955 1162 1026; x_wconf 88' lang='lat' dir='ltr'><strong>quia</strong></span> <span class='ocrx_word' id='word_1_56' title='bbox 1175 947 1235 1026; x_wconf 79' lang='lat' dir='ltr'><strong>spect</strong></span> 
     </span>
    </p>
   </div>
   <div class='ocr_carea' id='block_1_5' title="bbox 123 1099 1235 3240">
    <p class='ocr_par' dir='ltr' id='par_1_5' title="bbox 190 1099 1235 1620">
     <span class='ocr_line' id='line_1_9' title="bbox 316 1099 1235 1251; baseline 0.002 -85"><span class='ocrx_word' id='word_1_57' title='bbox 316 1099 420 1186; x_wconf 79' lang='lat' dir='ltr'><strong>Quod</strong></span> <span class='ocrx_word' id='word_1_58' title='bbox 447 1123 525 1166; x_wconf 82' lang='lat' dir='ltr'><strong>vero</strong></span> <span class='ocrx_word' id='word_1_59' title='bbox 544 1114 683 1172; x_wconf 41' lang='lat' dir='ltr'><strong>,tantum</strong></span> <span class='ocrx_word' id='word_1_60' title='bbox 712 1099 749 1167; x_wconf 88' lang='lat' dir='ltr'><strong>sit</strong></span> <span class='ocrx_word' id='word_1_61' title='bbox 762 1099 860 1251; x_wconf 64' lang='lat' dir='ltr'><strong>&#39;aquil</strong></span> <span class='ocrx_word' id='word_1_62' title='bbox 875 1125 944 1186; x_wconf 80' lang='lat' dir='ltr'><strong>¹iios</strong></span> <span class='ocrx_word' id='word_1_63' title='bbox 964 1101 1099 1190; x_wconf 85' lang='lat' dir='ltr'><strong>publiea</strong></span> <span class='ocrx_word' id='word_1_64' title='bbox 1121 1100 1235 1214; x_wconf 59' lang='lat' dir='ltr'><strong>Missa,p</strong></span> 
     </span>
     <span class='ocr_line' id='line_1_10' title="bbox 233 1182 1221 1266; baseline -0.005 -9"><span class='ocrx_word' id='word_1_65' title='bbox 233 1183 432 1265; x_wconf 91' lang='lat' dir='ltr'><strong>communis,</strong></span> <span class='ocrx_word' id='word_1_66' title='bbox 459 1182 544 1250; x_wconf 82' lang='lat' dir='ltr'><strong>nihil</strong></span> <span class='ocrx_word' id='word_1_67' title='bbox 561 1183 597 1252; x_wconf 82' lang='lat' dir='ltr'><strong>fii</strong></span> <span class='ocrx_word' id='word_1_68' title='bbox 611 1200 723 1252; x_wconf 87' lang='lat' dir='ltr'><strong>contra</strong></span> <span class='ocrx_word' id='word_1_69' title='bbox 747 1200 796 1266; x_wconf 83' lang='lat' dir='ltr'><strong>cat</strong></span> <span class='ocrx_word' id='word_1_70' title='bbox 821 1183 937 1264; x_wconf 83' lang='lat' dir='ltr'><strong>olicam</strong></span> <span class='ocrx_word' id='word_1_71' title='bbox 958 1183 1152 1254; x_wconf 85' lang='lat' dir='ltr'><strong>Ecclesiam.</strong></span> <span class='ocrx_word' id='word_1_72' title='bbox 1189 1191 1221 1254; x_wconf 72' lang='grc' dir='ltr'><strong>Νι</strong></span> 
     </span>
     <span class='ocr_line' id='line_1_11' title="bbox 235 1259 1225 1364; baseline -0.002 -24"><span class='ocrx_word' id='word_1_73' title='bbox 235 1259 544 1362; x_wconf 61' lang='grc' dir='ltr'><strong>(ἶττιτεὶἐρτιιοάιὶῑι</strong></span> <span class='ocrx_word' id='word_1_74' title='bbox 559 1265 704 1337; x_wconf 87' lang='lat' dir='ltr'><strong>nchodie</strong></span> <span class='ocrx_word' id='word_1_75' title='bbox 722 1267 855 1359; x_wconf 89' lang='lat' dir='ltr'><strong>quidem</strong></span> <span class='ocrx_word' id='word_1_76' title='bbox 867 1270 949 1338; x_wconf 85' lang='lat' dir='ltr'><strong>liunt</strong></span> <span class='ocrx_word' id='word_1_77' title='bbox 965 1269 1225 1364; x_wconf 86' lang='lat' dir='ltr'><strong>privatacMissae,</strong></span> 
     </span>
     <span class='ocr_line' id='line_1_12' title="bbox 190 1351 1228 1450; baseline -0.003 -25"><span class='ocrx_word' id='word_1_78' title='bbox 190 1373 195 1384; x_wconf 82' lang='lat'>&#39;</span> <span class='ocrx_word' id='word_1_79' title='bbox 231 1357 271 1426; x_wconf 80' lang='lat' dir='ltr'><strong>lit</strong></span> <span class='ocrx_word' id='word_1_80' title='bbox 287 1380 352 1432; x_wconf 90' lang='lat' dir='ltr'><strong>una</strong></span> <span class='ocrx_word' id='word_1_81' title='bbox 366 1351 498 1450; x_wconf 89' lang='lat' dir='ltr'><strong>publica</strong></span> <span class='ocrx_word' id='word_1_82' title='bbox 512 1354 634 1435; x_wconf 83' lang='lat' dir='ltr'><strong>Missa,</strong></span> <span class='ocrx_word' id='word_1_83' title='bbox 666 1352 766 1447; x_wconf 92' lang='lat' dir='ltr'><strong>idque</strong></span> <span class='ocrx_word' id='word_1_84' title='bbox 793 1369 920 1422; x_wconf 89' lang='lat' dir='ltr'><strong>tantum</strong></span> <span class='ocrx_word' id='word_1_85' title='bbox 937 1355 1123 1426; x_wconf 80' lang='lat' dir='ltr'><strong>Dominicis</strong></span> <span class='ocrx_word' id='word_1_86' title='bbox 1148 1356 1228 1425; x_wconf 84' lang='lat' dir='ltr'><strong>diebus</strong></span> 
     </span>
     <span class='ocr_line' id='line_1_13' title="bbox 231 1437 1220 1532; baseline -0.004 -22"><span class='ocrx_word' id='word_1_87' title='bbox 231 1440 348 1511; x_wconf 78' lang='lat' dir='ltr'><strong>Pestis.</strong></span> <span class='ocrx_word' id='word_1_88' title='bbox 392 1438 649 1507; x_wconf 86' lang='lat' dir='ltr'><strong>lnMonasteriis</strong></span> <span class='ocrx_word' id='word_1_89' title='bbox 666 1437 703 1508; x_wconf 88' lang='lat' dir='ltr'><strong>lit</strong></span> <span class='ocrx_word' id='word_1_90' title='bbox 717 1439 865 1532; x_wconf 75' lang='lat' dir='ltr'><strong>quotidie</strong></span> <span class='ocrx_word' id='word_1_91' title='bbox 885 1437 1007 1523; x_wconf 87' lang='lat' dir='ltr'><strong>Missa,</strong></span> <span class='ocrx_word' id='word_1_92' title='bbox 1038 1441 1098 1508; x_wconf 86' lang='lat' dir='ltr'><strong>sed</strong></span> <span class='ocrx_word' id='word_1_93' title='bbox 1118 1459 1220 1512; x_wconf 86' lang='lat' dir='ltr'><strong>tantun</strong></span> 
     </span>
     <span class='ocr_line' id='line_1_14' title="bbox 232 1521 1227 1620; baseline -0.003 -26"><span class='ocrx_word' id='word_1_94' title='bbox 232 1523 330 1596; x_wconf 90' lang='lat' dir='ltr'><strong>blica.</strong></span> <span class='ocrx_word' id='word_1_95' title='bbox 373 1529 459 1592; x_wconf 89' lang='lat' dir='ltr'><strong>Haec</strong></span> <span class='ocrx_word' id='word_1_96' title='bbox 476 1540 552 1592; x_wconf 87' lang='lat' dir='ltr'><strong>sunt</strong></span> <span class='ocrx_word' id='word_1_97' title='bbox 565 1521 701 1612; x_wconf 82' lang='lat' dir='ltr'><strong>vestigia</strong></span> <span class='ocrx_word' id='word_1_98' title='bbox 715 1549 844 1594; x_wconf 89' lang='lat' dir='ltr'><strong>morum</strong></span> <span class='ocrx_word' id='word_1_99' title='bbox 857 1541 1012 1594; x_wconf 90' lang='lat' dir='ltr'><strong>veterum.</strong></span> <span class='ocrx_word' id='word_1_100' title='bbox 1056 1531 1227 1620; x_wconf 87' lang='lat' dir='ltr'><strong>Nusquaiii</strong></span> 
     </span>
    </p>

    <p class='ocr_par' dir='ltr' id='par_1_6' title="bbox 123 1607 1235 3240">
     <span class='ocr_line' id='line_1_15' title="bbox 204 1607 1230 1700; baseline -0.002 -22"><span class='ocrx_word' id='word_1_101' title='bbox 204 1610 355 1680; x_wconf 65' lang='lat' dir='ltr'><strong>&#39;veteres</strong></span> <span class='ocrx_word' id='word_1_102' title='bbox 383 1607 585 1700; x_wconf 77' lang='lat' dir='ltr'><strong>Scriptores,</strong></span> <span class='ocrx_word' id='word_1_103' title='bbox 621 1625 694 1677; x_wconf 90' lang='lat' dir='ltr'><strong>ante</strong></span> <span class='ocrx_word' id='word_1_104' title='bbox 725 1608 941 1698; x_wconf 84' lang='lat' dir='ltr'><strong>Gregorium,</strong></span> <span class='ocrx_word' id='word_1_105' title='bbox 977 1611 1179 1681; x_wconf 86' lang='lat' dir='ltr'><strong>mentionem</strong></span> <span class='ocrx_word' id='word_1_106' title='bbox 1199 1611 1230 1677; x_wconf 76' lang='grc' dir='ltr'><strong>[ι’</strong></span> 
     </span>
     <span class='ocr_line' id='line_1_16' title="bbox 163 1691 1231 1844; baseline -0.006 -78"><span class='ocrx_word' id='word_1_107' title='bbox 163 1723 170 1740; x_wconf 74' lang='lat'><strong><em>‘</em></strong></span> <span class='ocrx_word' id='word_1_108' title='bbox 230 1695 432 1794; x_wconf 82' lang='lat' dir='ltr'><strong>privatarum</strong></span> <span class='ocrx_word' id='word_1_109' title='bbox 447 1693 632 1762; x_wconf 79' lang='lat' dir='ltr'><strong>Missurum.</strong></span> <span class='ocrx_word' id='word_1_110' title='bbox 677 1692 797 1844; x_wconf 45' lang='lat' dir='ltr'><strong>(gualia</strong></span> <span class='ocrx_word' id='word_1_111' title='bbox 815 1691 938 1763; x_wconf 84' lang='lat' dir='ltr'><strong>fuerint</strong></span> <span class='ocrx_word' id='word_1_112' title='bbox 954 1694 1068 1778; x_wconf 88' lang='lat' dir='ltr'><strong>initia,</strong></span> <span class='ocrx_word' id='word_1_113' title='bbox 1099 1723 1183 1764; x_wconf 88' lang='lat' dir='ltr'><strong>nuuc</strong></span> <span class='ocrx_word' id='word_1_114' title='bbox 1198 1693 1231 1761; x_wconf 76' lang='lat' dir='ltr'><strong>on&#39;</strong></span> 
     </span>
     <span class='ocr_line' id='line_1_17' title="bbox 231 1781 1210 1879; baseline -0.005 -28"><span class='ocrx_word' id='word_1_115' title='bbox 231 1797 317 1851; x_wconf 80' lang='lat' dir='ltr'><strong>inus.</strong></span> <span class='ocrx_word' id='word_1_116' title='bbox 361 1783 586 1862; x_wconf 88' lang='lat' dir='ltr'><strong>Hoceonstat,</strong></span> <span class='ocrx_word' id='word_1_117' title='bbox 615 1803 680 1870; x_wconf 87' lang='lat' dir='ltr'><strong>quo</strong></span> <span class='ocrx_word' id='word_1_118' title='bbox 713 1828 723 1858; x_wconf 93' lang='lat'><strong>,</strong></span> <span class='ocrx_word' id='word_1_119' title='bbox 751 1794 927 1879; x_wconf 81' lang='lat' dir='ltr'><strong>postquam</strong></span> <span class='ocrx_word' id='word_1_120' title='bbox 940 1781 1098 1866; x_wconf 85' lang='lat' dir='ltr'><strong>Monaebi</strong></span> <span class='ocrx_word' id='word_1_121' title='bbox 1116 1781 1210 1851; x_wconf 89' lang='lat' dir='ltr'><strong>mendi</strong></span> 
     </span>
     <span class='ocr_line' id='line_1_18' title="bbox 230 1861 1228 1966; baseline -0.007 -30"><span class='ocrx_word' id='word_1_122' title='bbox 230 1889 369 1956; x_wconf 89' lang='lat' dir='ltr'><strong>regnare</strong></span> <span class='ocrx_word' id='word_1_123' title='bbox 394 1877 585 1966; x_wconf 88' lang='lat' dir='ltr'><strong>coeperunt,</strong></span> <span class='ocrx_word' id='word_1_124' title='bbox 615 1889 653 1930; x_wconf 84' lang='lat' dir='ltr'><strong>ex</strong></span> <span class='ocrx_word' id='word_1_125' title='bbox 673 1861 858 1932; x_wconf 82' lang='lat' dir='ltr'><strong>falsissimis</strong></span> <span class='ocrx_word' id='word_1_126' title='bbox 884 1865 1173 1957; x_wconf 83' lang='lat' dir='ltr'><strong>persuasionibus,</strong></span> <span class='ocrx_word' id='word_1_127' title='bbox 1195 1887 1228 1959; x_wconf 83' lang='lat' dir='ltr'><strong>pii</strong></span> 
     </span>
     <span class='ocr_line' id='line_1_19' title="bbox 199 1947 1230 2048; baseline -0.005 -29"><span class='ocrx_word' id='word_1_128' title='bbox 199 2005 207 2019; x_wconf 67' lang='grc'>,</span> <span class='ocrx_word' id='word_1_129' title='bbox 233 1965 424 2048; x_wconf 85' lang='lat' dir='ltr'><strong>quaestum,</strong></span> <span class='ocrx_word' id='word_1_130' title='bbox 453 1963 498 2015; x_wconf 89' lang='lat' dir='ltr'><strong>ita</strong></span> <span class='ocrx_word' id='word_1_131' title='bbox 513 1963 625 2015; x_wconf 87' lang='lat' dir='ltr'><strong>auctae</strong></span> <span class='ocrx_word' id='word_1_132' title='bbox 638 1963 731 2030; x_wconf 90' lang='lat' dir='ltr'><strong>sunt,</strong></span> <span class='ocrx_word' id='word_1_133' title='bbox 759 1964 798 2016; x_wconf 92' lang='lat' dir='ltr'><strong>ut</strong></span> <span class='ocrx_word' id='word_1_134' title='bbox 814 1973 927 2018; x_wconf 89' lang='lat' dir='ltr'><strong>omnes</strong></span> <span class='ocrx_word' id='word_1_135' title='bbox 941 1947 1022 2018; x_wconf 88' lang='lat' dir='ltr'><strong>boni</strong></span> <span class='ocrx_word' id='word_1_136' title='bbox 1040 1952 1103 2020; x_wconf 86' lang='lat' dir='ltr'><strong>diu</strong></span> <span class='ocrx_word' id='word_1_137' title='bbox 1114 1953 1181 2043; x_wconf 83' lang='lat' dir='ltr'><strong>jam</strong></span> <span class='ocrx_word' id='word_1_138' title='bbox 1194 1950 1230 2042; x_wconf 84' lang='lat' dir='ltr'><strong>q&#39;ii</strong></span> 
     </span>
     <span class='ocr_line' id='line_1_20' title="bbox 230 2031 1225 2127; baseline -0.003 -23"><span class='ocrx_word' id='word_1_139' title='bbox 230 2037 369 2104; x_wconf 84' lang='lat' dir='ltr'><strong>modum</strong></span> <span class='ocrx_word' id='word_1_140' title='bbox 383 2031 646 2102; x_wconf 83' lang='lat' dir='ltr'><strong>desideraverint.</strong></span> <span class='ocrx_word' id='word_1_141' title='bbox 691 2036 893 2127; x_wconf 82' lang='lat' dir='ltr'><strong>Quanquam</strong></span> <span class='ocrx_word' id='word_1_142' title='bbox 914 2033 1225 2110; x_wconf 59' lang='lat' dir='ltr'><strong>be&#39;raneisciisreoe</strong></span> 
     </span>
     <span class='ocr_line' id='line_1_21' title="bbox 231 2116 1227 2272; baseline -0.009 -82"><span class='ocrx_word' id='word_1_143' title='bbox 231 2119 295 2190; x_wconf 87' lang='lat' dir='ltr'><strong>luit</strong></span> <span class='ocrx_word' id='word_1_144' title='bbox 316 2120 345 2188; x_wconf 91' lang='lat' dir='ltr'><strong>ei</strong></span> <span class='ocrx_word' id='word_1_145' title='bbox 363 2117 412 2188; x_wconf 89' lang='lat' dir='ltr'><strong>rei</strong></span> <span class='ocrx_word' id='word_1_146' title='bbox 433 2118 633 2221; x_wconf 83' lang='lat' dir='ltr'><strong>prospicere,</strong></span> <span class='ocrx_word' id='word_1_147' title='bbox 655 2117 731 2272; x_wconf 70' lang='lat' dir='ltr'><strong>qqi</strong></span> <span class='ocrx_word' id='word_1_148' title='bbox 761 2117 948 2203; x_wconf 90' lang='lat' dir='ltr'><strong>constituit,</strong></span> <span class='ocrx_word' id='word_1_149' title='bbox 984 2135 1021 2187; x_wconf 92' lang='lat' dir='ltr'><strong>ut</strong></span> <span class='ocrx_word' id='word_1_150' title='bbox 1041 2121 1174 2216; x_wconf 83' lang='lat' dir='ltr'><strong>singula</strong></span> <span class='ocrx_word' id='word_1_151' title='bbox 1192 2116 1227 2189; x_wconf 88' lang='lat' dir='ltr'><strong>ol</strong></span> 
     </span>
     <span class='ocr_line' id='line_1_22' title="bbox 232 2205 1194 2303; baseline 0 -29"><span class='ocrx_word' id='word_1_152' title='bbox 232 2205 379 2300; x_wconf 84' lang='lat' dir='ltr'><strong>quotidie</strong></span> <span class='ocrx_word' id='word_1_153' title='bbox 393 2227 666 2302; x_wconf 29' lang='lat' dir='ltr'><strong>unicaneommum</strong></span> <span class='ocrx_word' id='word_1_154' title='bbox 721 2227 785 2302; x_wconf 78' lang='lat' dir='ltr'><strong>issa</strong></span> <span class='ocrx_word' id='word_1_155' title='bbox 798 2217 953 2300; x_wconf 72' lang='lat' dir='ltr'><strong>contenta</strong></span> <span class='ocrx_word' id='word_1_156' title='bbox 968 2222 1084 2303; x_wconf 78' lang='lat' dir='ltr'><strong>essent.</strong></span> <span class='ocrx_word' id='word_1_157' title='bbox 1131 2211 1194 2276; x_wconf 86' lang='lat' dir='ltr'><strong>Hoc</strong></span> 
     </span>
     <span class='ocr_line' id='line_1_23' title="bbox 230 2293 1233 2384; baseline -0.005 -24"><span class='ocrx_word' id='word_1_158' title='bbox 230 2293 395 2362; x_wconf 68' lang='lat' dir='ltr'><strong>matritum</strong></span> <span class='ocrx_word' id='word_1_159' title='bbox 407 2293 457 2358; x_wconf 84' lang='lat' dir='ltr'><strong>&#39;est</strong></span> <span class='ocrx_word' id='word_1_160' title='bbox 471 2311 538 2356; x_wconf 86' lang='lat' dir='ltr'><strong>sive</strong></span> <span class='ocrx_word' id='word_1_161' title='bbox 561 2314 620 2382; x_wconf 87' lang='lat' dir='ltr'><strong>per</strong></span> <span class='ocrx_word' id='word_1_162' title='bbox 643 2303 930 2384; x_wconf 60' lang='lat' dir='ltr'><strong>superstitionem</strong></span> <span class='ocrx_word' id='word_1_163' title='bbox 953 2315 1019 2359; x_wconf 84' lang='lat' dir='ltr'><strong>sive</strong></span> <span class='ocrx_word' id='word_1_164' title='bbox 1044 2307 1196 2383; x_wconf 87' lang='lat' dir='ltr'><strong>quaestus</strong></span> <span class='ocrx_word' id='word_1_165' title='bbox 1211 2311 1233 2381; x_wconf 72' lang='lat' dir='ltr'><strong>ci</strong></span> 
     </span>
     <span class='ocr_line' id='line_1_24' title="bbox 232 2372 1233 2466; baseline -0.008 -20"><span class='ocrx_word' id='word_1_166' title='bbox 232 2382 298 2458; x_wconf 84' lang='lat' dir='ltr'><strong>Ita,</strong></span> <span class='ocrx_word' id='word_1_167' title='bbox 329 2373 387 2444; x_wconf 89' lang='lat' dir='ltr'><strong>uhi</strong></span> <span class='ocrx_word' id='word_1_168' title='bbox 409 2372 708 2456; x_wconf 86' lang='lat' dir='ltr'><strong>commodum&#39;est,</strong></span> <span class='ocrx_word' id='word_1_169' title='bbox 738 2372 887 2442; x_wconf 85' lang='lat' dir='ltr'><strong>instituta</strong></span> <span class='ocrx_word' id='word_1_170' title='bbox 914 2375 1081 2466; x_wconf 91' lang='lat' dir='ltr'><strong>majorum</strong></span> <span class='ocrx_word' id='word_1_171' title='bbox 1106 2389 1233 2458; x_wconf 48' lang='lat' dir='ltr'><strong>mutant,</strong></span> 
     </span>
     <span class='ocr_line' id='line_1_25' title="bbox 230 2455 1204 2558; baseline -0.002 -28"><span class='ocrx_word' id='word_1_172' title='bbox 230 2477 346 2558; x_wconf 82' lang='lat' dir='ltr'><strong>postea</strong></span> <span class='ocrx_word' id='word_1_173' title='bbox 375 2455 632 2550; x_wconf 18' lang='lat' dir='ltr'><strong>nobisvallegant</strong></span> <span class='ocrx_word' id='word_1_174' title='bbox 651 2459 1078 2550; x_wconf 81' lang='lat' dir='ltr'><strong>auctoritatem&#39;majorum.</strong></span> <span class='ocrx_word' id='word_1_175' title='bbox 1128 2461 1204 2554; x_wconf 87' lang='lat' dir='ltr'><strong>Epip</strong></span> 
     </span>
     <span class='ocr_line' id='line_1_26' title="bbox 152 2541 1205 2642; baseline -0.005 -27"><span class='ocrx_word' id='word_1_176' title='bbox 152 2575 164 2596; x_wconf 50' lang='grc' dir='ltr'><em>ν</em></span> <span class='ocrx_word' id='word_1_177' title='bbox 196 2620 199 2633; x_wconf 61' lang='lat'>‚</span> <span class='ocrx_word' id='word_1_178' title='bbox 231 2545 364 2629; x_wconf 87' lang='lat' dir='ltr'><strong>scribit,</strong></span> <span class='ocrx_word' id='word_1_179' title='bbox 391 2543 427 2612; x_wconf 91' lang='lat' dir='ltr'><strong>in</strong></span> <span class='ocrx_word' id='word_1_180' title='bbox 443 2542 524 2612; x_wconf 83' lang='lat' dir='ltr'><strong>Asia</strong></span> <span class='ocrx_word' id='word_1_181' title='bbox 539 2544 683 2642; x_wconf 73' lang='lat' dir='ltr'><strong>Synaxin</strong></span> <span class='ocrx_word' id='word_1_182' title='bbox 697 2559 744 2611; x_wconf 88' lang='lat' dir='ltr'><strong>ter</strong></span> <span class='ocrx_word' id='word_1_183' title='bbox 757 2541 957 2612; x_wconf 80' lang='lat' dir='ltr'><strong>&#39;celebratam</strong></span> <span class='ocrx_word' id='word_1_184' title='bbox 984 2568 1052 2614; x_wconf 89' lang='lat' dir='ltr'><strong>esse</strong></span> <span class='ocrx_word' id='word_1_185' title='bbox 1068 2544 1205 2635; x_wconf 81' lang='lat' dir='ltr'><strong>singulis</strong></span> 
     </span>
     <span class='ocr_line' id='line_1_27' title="bbox 230 2620 1212 2723; baseline -0.005 -24"><span class='ocrx_word' id='word_1_186' title='bbox 230 2629 358 2711; x_wconf 88' lang='lat' dir='ltr'><strong>manis,</strong></span> <span class='ocrx_word' id='word_1_187' title='bbox 379 2653 438 2696; x_wconf 89' lang='lat' dir='ltr'><strong>nee</strong></span> <span class='ocrx_word' id='word_1_188' title='bbox 453 2626 659 2722; x_wconf 87' lang='lat' dir='ltr'><strong>quotidianas</strong></span> <span class='ocrx_word' id='word_1_189' title='bbox 672 2627 772 2696; x_wconf 80' lang='lat' dir='ltr'><strong>fuisse</strong></span> <span class='ocrx_word' id='word_1_190' title='bbox 785 2627 913 2698; x_wconf 87' lang='lat' dir='ltr'><strong>Missas.</strong></span> <span class='ocrx_word' id='word_1_191' title='bbox 955 2633 1001 2698; x_wconf 88' lang='lat' dir='ltr'><strong>Et</strong></span> <span class='ocrx_word' id='word_1_192' title='bbox 1017 2620 1157 2723; x_wconf 84' lang='lat' dir='ltr'><strong>quidem</strong></span> <span class='ocrx_word' id='word_1_193' title='bbox 1169 2629 1212 2706; x_wconf 83' lang='lat' dir='ltr'><strong>ait,</strong></span> 
     </span>
     <span class='ocr_line' id='line_1_28' title="bbox 230 2711 1201 2810; baseline -0.006 -26"><span class='ocrx_word' id='word_1_194' title='bbox 230 2739 358 2784; x_wconf 88' lang='lat' dir='ltr'><strong>morem</strong></span> <span class='ocrx_word' id='word_1_195' title='bbox 372 2715 414 2782; x_wconf 88' lang='lat' dir='ltr'><strong>ab</strong></span> <span class='ocrx_word' id='word_1_196' title='bbox 427 2712 597 2806; x_wconf 83' lang='lat' dir='ltr'><strong>Apostolis</strong></span> <span class='ocrx_word' id='word_1_197' title='bbox 611 2711 769 2806; x_wconf 78' lang='lat' dir='ltr'><strong>traditum</strong></span> <span class='ocrx_word' id='word_1_198' title='bbox 785 2739 863 2782; x_wconf 86' lang='lat' dir='ltr'><strong>esse.</strong></span> <span class='ocrx_word' id='word_1_199' title='bbox 903 2711 959 2782; x_wconf 87' lang='lat' dir='ltr'><strong>Sic</strong></span> <span class='ocrx_word' id='word_1_200' title='bbox 977 2715 1063 2784; x_wconf 91' lang='lat' dir='ltr'><strong>enim</strong></span> <span class='ocrx_word' id='word_1_201' title='bbox 1082 2713 1201 2810; x_wconf 84' lang='lat' dir='ltr'><strong>inquit:</strong></span> 
     </span>
     <span class='ocr_line' id='line_1_29' title="bbox 231 2791 1230 2886; baseline 0 -18"><span class='ocrx_word' id='word_1_202' title='bbox 231 2803 296 2883; x_wconf 77' lang='grc' dir='ltr'><em>ξιις</em></span> <span class='ocrx_word' id='word_1_203' title='bbox 324 2803 359 2868; x_wconf 79' lang='lat' dir='ltr'><strong>et</strong></span> <span class='ocrx_word' id='word_1_204' title='bbox 378 2793 619 2886; x_wconf 72' lang='grc' dir='ltr'><em>ἐπιτελούμεναι</em></span> <span class='ocrx_word' id='word_1_205' title='bbox 641 2800 820 2886; x_wconf 54' lang='lat' dir='ltr'><strong>valibriensi</strong></span> <span class='ocrx_word' id='word_1_206' title='bbox 841 2795 923 2868; x_wconf 81' lang='grc' dir='ltr'><em>εἶσιν</em></span> <span class='ocrx_word' id='word_1_207' title='bbox 952 2797 1018 2870; x_wconf 82' lang='grc' dir='ltr'><em>ἇιιὸ</em></span> <span class='ocrx_word' id='word_1_208' title='bbox 1039 2804 1111 2872; x_wconf 74' lang='grc' dir='ltr'><strong>τῶν</strong></span> <span class='ocrx_word' id='word_1_209' title='bbox 1135 2791 1230 2869; x_wconf 57' lang='lat' dir='ltr'><strong>dinen</strong></span> 
     </span>
     <span class='ocr_line' id='line_1_30' title="bbox 231 2881 961 2987; baseline -0.003 -31"><span class='ocrx_word' id='word_1_210' title='bbox 231 2881 381 2980; x_wconf 81' lang='grc' dir='ltr'><em>τετράδι,</em></span> <span class='ocrx_word' id='word_1_211' title='bbox 414 2889 467 2953; x_wconf 81' lang='grc' dir='ltr'><strong>καὶ</strong></span> <span class='ocrx_word' id='word_1_212' title='bbox 490 2881 712 2987; x_wconf 62' lang='grc' dir='ltr'><em>προσαββάτῳ</em></span> <span class='ocrx_word' id='word_1_213' title='bbox 731 2890 787 2952; x_wconf 80' lang='grc' dir='ltr'><strong>καὶ</strong></span> <span class='ocrx_word' id='word_1_214' title='bbox 808 2887 961 2979; x_wconf 44' lang='grc' dir='ltr'><strong>κυριακῇ,</strong></span> 
     </span>
     <span class='ocr_line' id='line_1_31' title="bbox 123 2967 1224 3064; baseline -0.002 -24"><span class='ocrx_word' id='word_1_215' title='bbox 123 2973 128 2982; x_wconf 79' lang='grc'><strong>’</strong></span> <span class='ocrx_word' id='word_1_216' title='bbox 298 2969 390 3044; x_wconf 62' lang='lat' dir='ltr'><strong>«Etsi</strong></span> <span class='ocrx_word' id='word_1_217' title='bbox 404 2987 513 3039; x_wconf 88' lang='lat' dir='ltr'><strong>autem</strong></span> <span class='ocrx_word' id='word_1_218' title='bbox 528 2968 704 3040; x_wconf 88' lang='lat' dir='ltr'><strong>adversarii</strong></span> <span class='ocrx_word' id='word_1_219' title='bbox 725 2967 761 3036; x_wconf 92' lang='lat' dir='ltr'><strong>iii</strong></span> <span class='ocrx_word' id='word_1_220' title='bbox 781 2967 844 3040; x_wconf 86' lang='lat' dir='ltr'><strong>hoc</strong></span> <span class='ocrx_word' id='word_1_221' title='bbox 865 2969 937 3039; x_wconf 91' lang='lat' dir='ltr'><strong>loco</strong></span> <span class='ocrx_word' id='word_1_222' title='bbox 959 2967 1065 3040; x_wconf 80' lang='lat' dir='ltr'><strong>multa</strong></span> <span class='ocrx_word' id='word_1_223' title='bbox 1083 2992 1224 3064; x_wconf 77' lang='lat' dir='ltr'><strong>congerie</strong></span> 
     </span>
     <span class='ocr_line' id='line_1_32' title="bbox 230 3047 1235 3151; baseline -0.006 -25"><span class='ocrx_word' id='word_1_224' title='bbox 230 3055 388 3151; x_wconf 87' lang='lat' dir='ltr'><strong>probent,</strong></span> <span class='ocrx_word' id='word_1_225' title='bbox 410 3053 549 3124; x_wconf 88' lang='lat' dir='ltr'><strong>Missam</strong></span> <span class='ocrx_word' id='word_1_226' title='bbox 563 3063 631 3124; x_wconf 81' lang='lat' dir='ltr'><strong>esse</strong></span> <span class='ocrx_word' id='word_1_227' title='bbox 647 3053 860 3139; x_wconf 80' lang='lat' dir='ltr'><strong>sacrificium„</strong></span> <span class='ocrx_word' id='word_1_228' title='bbox 880 3070 990 3124; x_wconf 86' lang='lat' dir='ltr'><strong>tamen</strong></span> <span class='ocrx_word' id='word_1_229' title='bbox 1005 3047 1059 3123; x_wconf 89' lang='lat' dir='ltr'><strong>ille</strong></span> <span class='ocrx_word' id='word_1_230' title='bbox 1073 3054 1219 3148; x_wconf 85' lang='lat' dir='ltr'><strong>ingeniti</strong></span> <span class='ocrx_word' id='word_1_231' title='bbox 1234 3131 1235 3136; x_wconf 8' lang='grc' dir='ltr'>γ</span> 
     </span>
     <span class='ocr_line' id='line_1_33' title="bbox 135 3135 1235 3240; baseline -0.012 -26"><span class='ocrx_word' id='word_1_232' title='bbox 135 3204 138 3214; x_wconf 91' lang='grc'>.</span> <span class='ocrx_word' id='word_1_233' title='bbox 231 3158 285 3210; x_wconf 88' lang='lat' dir='ltr'><strong>tus</strong></span> <span class='ocrx_word' id='word_1_234' title='bbox 316 3141 491 3212; x_wconf 86' lang='lat' dir='ltr'><strong>verborum</strong></span> <span class='ocrx_word' id='word_1_235' title='bbox 518 3140 651 3240; x_wconf 75' lang='lat' dir='ltr'><strong>prolata</strong></span> <span class='ocrx_word' id='word_1_236' title='bbox 682 3137 742 3210; x_wconf 89' lang='lat' dir='ltr'><strong>bac</strong></span> <span class='ocrx_word' id='word_1_237' title='bbox 768 3138 865 3209; x_wconf 90' lang='lat' dir='ltr'><strong>unica</strong></span> <span class='ocrx_word' id='word_1_238' title='bbox 889 3139 1109 3238; x_wconf 66' lang='lat' dir='ltr'><strong>responsione</strong></span> <span class='ocrx_word' id='word_1_239' title='bbox 1134 3135 1235 3212; x_wconf 73' lang='lat' dir='ltr'><strong>consilii</strong></span> 
     </span>
    </p>
   </div>
   <div class='ocr_carea' id='block_1_6' title="bbox 50 3205 1235 3326">
    <p class='ocr_par' dir='ltr' id='par_1_7' title="bbox 50 3205 1235 3326">
     <span class='ocr_line' id='line_1_34' title="bbox 50 3205 1235 3326; baseline -0.003 -34"><span class='ocrx_word' id='word_1_240' title='bbox 50 3263 52 3271; x_wconf 69' lang='lat'><strong>,</strong></span> <span class='ocrx_word' id='word_1_241' title='bbox 160 3259 163 3271; x_wconf 51' lang='lat' dir='ltr'><em>s</em></span> <span class='ocrx_word' id='word_1_242' title='bbox 232 3225 324 3321; x_wconf 86' lang='lat' dir='ltr'><strong>quod</strong></span> <span class='ocrx_word' id='word_1_243' title='bbox 337 3225 417 3301; x_wconf 78' lang='lat' dir='ltr'><strong>haee</strong></span> <span class='ocrx_word' id='word_1_244' title='bbox 432 3237 584 3326; x_wconf 82' lang='lat' dir='ltr'><strong>quamvis</strong></span> <span class='ocrx_word' id='word_1_245' title='bbox 598 3222 699 3314; x_wconf 87' lang='lat' dir='ltr'><strong>longa</strong></span> <span class='ocrx_word' id='word_1_246' title='bbox 722 3238 921 3294; x_wconf 85' lang='lat' dir='ltr'><strong>coacervatio</strong></span> <span class='ocrx_word' id='word_1_247' title='bbox 944 3223 1191 3308; x_wconf 86' lang='lat' dir='ltr'><strong>auctoritatum,</strong></span> <span class='ocrx_word' id='word_1_248' title='bbox 1211 3205 1235 3288; x_wconf 82' lang='lat' dir='ltr'><strong>iil</strong></span> 
     </span>
    </p>
   </div>
   <div class='ocr_carea' id='block_1_7' title="bbox 118 3307 1235 4338">
    <p class='ocr_par' dir='ltr' id='par_1_8' title="bbox 118 3307 1235 4338">
     <span class='ocr_line' id='line_1_35' title="bbox 231 3307 1235 3456; baseline -0.002 -76"><span class='ocrx_word' id='word_1_249' title='bbox 231 3336 332 3394; x_wconf 90' lang='lat' dir='ltr'><strong>num,</strong></span> <span class='ocrx_word' id='word_1_250' title='bbox 362 3307 642 3391; x_wconf 86' lang='lat' dir='ltr'><strong>testimoniorum,</strong></span> <span class='ocrx_word' id='word_1_251' title='bbox 669 3333 736 3378; x_wconf 90' lang='lat' dir='ltr'><strong>nori</strong></span> <span class='ocrx_word' id='word_1_252' title='bbox 753 3307 919 3392; x_wconf 87' lang='lat' dir='ltr'><strong>ostendat,</strong></span> <span class='ocrx_word' id='word_1_253' title='bbox 950 3310 1040 3402; x_wconf 89' lang='lat' dir='ltr'><strong>quod</strong></span> <span class='ocrx_word' id='word_1_254' title='bbox 1059 3312 1164 3381; x_wconf 83' lang='lat' dir='ltr'><strong>Missa</strong></span> <span class='ocrx_word' id='word_1_255' title='bbox 1179 3319 1235 3456; x_wconf 61' lang='lat' dir='ltr'><strong>cipp</strong></span> 
     </span>
     <span class='ocr_line' id='line_1_36' title="bbox 233 3392 1209 3490; baseline -0.007 -24"><span class='ocrx_word' id='word_1_256' title='bbox 233 3419 253 3466; x_wconf 93' lang='lat' dir='ltr'><strong>o</strong></span> <span class='ocrx_word' id='word_1_257' title='bbox 279 3412 370 3465; x_wconf 91' lang='lat' dir='ltr'><strong>erato</strong></span> <span class='ocrx_word' id='word_1_258' title='bbox 385 3395 531 3465; x_wconf 85' lang='lat' dir='ltr'><strong>conferat</strong></span> <span class='ocrx_word' id='word_1_259' title='bbox 548 3393 704 3486; x_wconf 81' lang='lat' dir='ltr'><strong>gratiam,</strong></span> <span class='ocrx_word' id='word_1_260' title='bbox 733 3411 790 3464; x_wconf 88' lang='lat' dir='ltr'><strong>aut</strong></span> <span class='ocrx_word' id='word_1_261' title='bbox 804 3392 972 3490; x_wconf 87' lang='lat' dir='ltr'><strong>applicata</strong></span> <span class='ocrx_word' id='word_1_262' title='bbox 984 3419 1048 3488; x_wconf 84' lang='lat' dir='ltr'><strong>pro</strong></span> <span class='ocrx_word' id='word_1_263' title='bbox 1070 3395 1150 3463; x_wconf 87' lang='lat' dir='ltr'><strong>aliis</strong></span> <span class='ocrx_word' id='word_1_264' title='bbox 1167 3417 1209 3461; x_wconf 90' lang='lat' dir='ltr'><strong>iiie</strong></span> 
     </span>
     <span class='ocr_line' id='line_1_37' title="bbox 140 3476 1218 3574; baseline -0.007 -22"><span class='ocrx_word' id='word_1_265' title='bbox 140 3516 144 3520; x_wconf 93' lang='lat'>·</span> <span class='ocrx_word' id='word_1_266' title='bbox 174 3501 180 3522; x_wconf 50' lang='lat' dir='ltr'><strong>t</strong></span> <span class='ocrx_word' id='word_1_267' title='bbox 232 3506 279 3552; x_wconf 93' lang='lat' dir='ltr'><strong>eis</strong></span> <span class='ocrx_word' id='word_1_268' title='bbox 302 3479 528 3550; x_wconf 89' lang='lat' dir='ltr'><strong>remissionem</strong></span> <span class='ocrx_word' id='word_1_269' title='bbox 549 3476 723 3546; x_wconf 80' lang='lat' dir='ltr'><strong>venialium</strong></span> <span class='ocrx_word' id='word_1_270' title='bbox 745 3491 776 3548; x_wconf 91' lang='lat' dir='ltr'><strong>et</strong></span> <span class='ocrx_word' id='word_1_271' title='bbox 796 3477 986 3548; x_wconf 88' lang='lat' dir='ltr'><strong>mortalium</strong></span> <span class='ocrx_word' id='word_1_272' title='bbox 1006 3495 1218 3574; x_wconf 87' lang='lat' dir='ltr'><strong>peecatorum,</strong></span> 
     </span>
     <span class='ocr_line' id='line_1_38' title="bbox 231 3563 1206 3666; baseline -0.005 -32"><span class='ocrx_word' id='word_1_273' title='bbox 231 3591 295 3660; x_wconf 88' lang='lat' dir='ltr'><strong>pae</strong></span> <span class='ocrx_word' id='word_1_274' title='bbox 316 3582 348 3636; x_wconf 89' lang='lat' dir='ltr'><strong>et</strong></span> <span class='ocrx_word' id='word_1_275' title='bbox 369 3587 504 3660; x_wconf 85' lang='lat' dir='ltr'><strong>poenae.</strong></span> <span class='ocrx_word' id='word_1_276' title='bbox 548 3565 648 3632; x_wconf 81' lang='lat' dir='ltr'><strong>Haec‘</strong></span> <span class='ocrx_word' id='word_1_277' title='bbox 665 3586 729 3656; x_wconf 85' lang='lat' dir='ltr'><strong>una</strong></span> <span class='ocrx_word' id='word_1_278' title='bbox 750 3564 921 3666; x_wconf 88' lang='lat' dir='ltr'><strong>responsio</strong></span> <span class='ocrx_word' id='word_1_279' title='bbox 943 3563 1060 3634; x_wconf 87' lang='lat' dir='ltr'><strong>evertit</strong></span> <span class='ocrx_word' id='word_1_280' title='bbox 1083 3563 1206 3643; x_wconf 89' lang='lat' dir='ltr'><strong>omnia,</strong></span> 
     </span>
     <span class='ocr_line' id='line_1_39' title="bbox 232 3645 1235 3739; baseline -0.01 -19"><span class='ocrx_word' id='word_1_281' title='bbox 232 3649 410 3720; x_wconf 87' lang='lat' dir='ltr'><strong>adversarii</strong></span> <span class='ocrx_word' id='word_1_282' title='bbox 426 3646 583 3739; x_wconf 84' lang='lat' dir='ltr'><strong>objiciunt</strong></span> <span class='ocrx_word' id='word_1_283' title='bbox 598 3670 663 3715; x_wconf 88' lang='lat' dir='ltr'><strong>non</strong></span> <span class='ocrx_word' id='word_1_284' title='bbox 676 3645 785 3717; x_wconf 89' lang='lat' dir='ltr'><strong>solum</strong></span> <span class='ocrx_word' id='word_1_285' title='bbox 807 3675 841 3716; x_wconf 95' lang='lat' dir='ltr'><strong>iii</strong></span> <span class='ocrx_word' id='word_1_286' title='bbox 858 3646 920 3716; x_wconf 85' lang='lat' dir='ltr'><strong>liae</strong></span> <span class='ocrx_word' id='word_1_287' title='bbox 943 3648 1182 3736; x_wconf 76' lang='lat' dir='ltr'><strong>confutatione,</strong></span> <span class='ocrx_word' id='word_1_288' title='bbox 1204 3669 1235 3737; x_wconf 57' lang='lat' dir='ltr'><strong>se,</strong></span> 
     </span>
     <span class='ocr_line' id='line_1_40' title="bbox 165 3730 1235 3827; baseline -0.011 -21"><span class='ocrx_word' id='word_1_289' title='bbox 165 3800 170 3814; x_wconf 81' lang='grc'><em>,</em></span> <span class='ocrx_word' id='word_1_290' title='bbox 233 3731 547 3827; x_wconf 82' lang='lat' dir='ltr'><strong>omnibusscrjptis,</strong></span> <span class='ocrx_word' id='word_1_291' title='bbox 577 3756 659 3825; x_wconf 89' lang='lat' dir='ltr'><strong>quae</strong></span> <span class='ocrx_word' id='word_1_292' title='bbox 674 3732 713 3808; x_wconf 86' lang='lat' dir='ltr'><strong>de</strong></span> <span class='ocrx_word' id='word_1_293' title='bbox 725 3732 829 3802; x_wconf 85' lang='lat' dir='ltr'><strong>Missa</strong></span> <span class='ocrx_word' id='word_1_294' title='bbox 845 3730 1026 3802; x_wconf 76' lang='lat' dir='ltr'><strong>ediderunt.</strong></span> <span class='ocrx_word' id='word_1_295' title='bbox 1069 3737 1117 3804; x_wconf 90' lang='lat' dir='ltr'><strong>Et</strong></span> <span class='ocrx_word' id='word_1_296' title='bbox 1138 3731 1187 3800; x_wconf 89' lang='lat' dir='ltr'><strong>bic</strong></span> <span class='ocrx_word' id='word_1_297' title='bbox 1204 3741 1235 3794; x_wconf 85' lang='lat' dir='ltr'><strong>eii</strong></span> 
     </span>
     <span class='ocr_line' id='line_1_41' title="bbox 118 3815 1235 3911; baseline -0.004 -22"><span class='ocrx_word' id='word_1_298' title='bbox 118 3851 122 3858; x_wconf 94' lang='lat'>·</span> <span class='ocrx_word' id='word_1_299' title='bbox 233 3833 338 3890; x_wconf 86' lang='lat' dir='ltr'><strong>status</strong></span> <span class='ocrx_word' id='word_1_300' title='bbox 355 3834 419 3902; x_wconf 87' lang='lat' dir='ltr'><strong>est,</strong></span> <span class='ocrx_word' id='word_1_301' title='bbox 446 3820 489 3886; x_wconf 58' lang='lat' dir='ltr'><strong>“de</strong></span> <span class='ocrx_word' id='word_1_302' title='bbox 512 3841 577 3911; x_wconf 91' lang='lat' dir='ltr'><strong>quo</strong></span> <span class='ocrx_word' id='word_1_303' title='bbox 598 3815 644 3886; x_wconf 86' lang='lat' dir='ltr'><strong>ita</strong></span> <span class='ocrx_word' id='word_1_304' title='bbox 667 3817 764 3886; x_wconf 90' lang='lat' dir='ltr'><strong>nobis</strong></span> <span class='ocrx_word' id='word_1_305' title='bbox 788 3815 986 3886; x_wconf 88' lang='lat' dir='ltr'><strong>admonendi</strong></span> <span class='ocrx_word' id='word_1_306' title='bbox 1011 3832 1088 3886; x_wconf 86' lang='lat' dir='ltr'><strong>sunt</strong></span> <span class='ocrx_word' id='word_1_307' title='bbox 1109 3817 1235 3906; x_wconf 75' lang='lat' dir='ltr'><strong>lecturis</strong></span> 
     </span>
     <span class='ocr_line' id='line_1_42' title="bbox 231 3897 1235 4004; baseline -0.009 -32"><span class='ocrx_word' id='word_1_308' title='bbox 231 3902 410 3972; x_wconf 84' lang='lat' dir='ltr'><strong>Aeschines</strong></span> <span class='ocrx_word' id='word_1_309' title='bbox 425 3901 622 3972; x_wconf 82' lang='lat' dir='ltr'><strong>admonebat</strong></span> <span class='ocrx_word' id='word_1_310' title='bbox 635 3901 771 3994; x_wconf 86' lang='lat' dir='ltr'><strong>judices,</strong></span> <span class='ocrx_word' id='word_1_311' title='bbox 791 3917 829 3970; x_wconf 91' lang='lat' dir='ltr'><strong>ut</strong></span> <span class='ocrx_word' id='word_1_312' title='bbox 840 3901 976 4004; x_wconf 81' lang='lat' dir='ltr'><strong>perinde</strong></span> <span class='ocrx_word' id='word_1_313' title='bbox 991 3925 1029 3971; x_wconf 85' lang='lat' dir='ltr'><strong>ac</strong></span> <span class='ocrx_word' id='word_1_314' title='bbox 1042 3901 1172 3996; x_wconf 84' lang='lat' dir='ltr'><strong>pugiles</strong></span> <span class='ocrx_word' id='word_1_315' title='bbox 1186 3897 1235 3965; x_wconf 74' lang='lat' dir='ltr'><strong>tesi</strong></span> 
     </span>
     <span class='ocr_line' id='line_1_43' title="bbox 232 3975 1235 4082; baseline -0.006 -26"><span class='ocrx_word' id='word_1_316' title='bbox 232 3989 317 4057; x_wconf 86' lang='lat' dir='ltr'><strong>inter</strong></span> <span class='ocrx_word' id='word_1_317' title='bbox 329 4013 363 4056; x_wconf 93' lang='lat' dir='ltr'><strong>se</strong></span> <span class='ocrx_word' id='word_1_318' title='bbox 385 4001 527 4069; x_wconf 88' lang='lat' dir='ltr'><strong>certant,</strong></span> <span class='ocrx_word' id='word_1_319' title='bbox 543 3985 595 4057; x_wconf 89' lang='lat' dir='ltr'><strong>ita</strong></span> <span class='ocrx_word' id='word_1_320' title='bbox 611 4013 684 4061; x_wconf 85' lang='lat' dir='ltr'><strong>cum</strong></span> <span class='ocrx_word' id='word_1_321' title='bbox 699 3986 883 4058; x_wconf 83' lang='lat' dir='ltr'><strong>adversario</strong></span> <span class='ocrx_word' id='word_1_322' title='bbox 900 3985 1091 4060; x_wconf 79' lang='lat' dir='ltr'><strong>dimicarent</strong></span> <span class='ocrx_word' id='word_1_323' title='bbox 1106 3985 1170 4082; x_wconf 86' lang='lat' dir='ltr'><strong>ipsi</strong></span> <span class='ocrx_word' id='word_1_324' title='bbox 1181 3975 1235 4078; x_wconf 76' lang='lat' dir='ltr'><strong>detl</strong></span> 
     </span>
     <span class='ocr_line' id='line_1_44' title="bbox 233 4067 1216 4160; baseline -0.007 -17"><span class='ocrx_word' id='word_1_325' title='bbox 233 4072 490 4155; x_wconf 86' lang='lat' dir='ltr'><strong>controversiae,</strong></span> <span class='ocrx_word' id='word_1_326' title='bbox 520 4097 579 4140; x_wconf 88' lang='lat' dir='ltr'><strong>nec</strong></span> <span class='ocrx_word' id='word_1_327' title='bbox 592 4071 734 4141; x_wconf 85' lang='lat' dir='ltr'><strong>sinerent</strong></span> <span class='ocrx_word' id='word_1_328' title='bbox 756 4077 833 4140; x_wconf 78' lang='lat' dir='ltr'><strong>enm&#39;</strong></span> <span class='ocrx_word' id='word_1_329' title='bbox 853 4086 944 4140; x_wconf 78' lang='lat' dir='ltr'><strong>entra</strong></span> <span class='ocrx_word' id='word_1_330' title='bbox 967 4095 1097 4141; x_wconf 79' lang='lat' dir='ltr'><strong>cainam</strong></span> <span class='ocrx_word' id='word_1_331' title='bbox 1115 4067 1216 4160; x_wconf 80' lang='lat' dir='ltr'><strong>egredi</strong></span> 
     </span>
     <span class='ocr_line' id='line_1_45' title="bbox 206 4153 1235 4250; baseline -0.005 -23"><span class='ocrx_word' id='word_1_332' title='bbox 206 4226 210 4236; x_wconf 89' lang='grc'>,</span> <span class='ocrx_word' id='word_1_333' title='bbox 232 4157 371 4227; x_wconf 88' lang='lat' dir='ltr'><strong>eundem</strong></span> <span class='ocrx_word' id='word_1_334' title='bbox 384 4159 519 4226; x_wconf 88' lang='lat' dir='ltr'><strong>modum</strong></span> <span class='ocrx_word' id='word_1_335' title='bbox 542 4155 595 4228; x_wconf 91' lang='lat' dir='ltr'><strong>bic</strong></span> <span class='ocrx_word' id='word_1_336' title='bbox 616 4155 795 4224; x_wconf 88' lang='lat' dir='ltr'><strong>adversarii</strong></span> <span class='ocrx_word' id='word_1_337' title='bbox 820 4153 926 4226; x_wconf 88' lang='lat' dir='ltr'><strong>nostri</strong></span> <span class='ocrx_word' id='word_1_338' title='bbox 948 4157 1087 4250; x_wconf 85' lang='lat' dir='ltr'><strong>eogendi</strong></span> <span class='ocrx_word' id='word_1_339' title='bbox 1106 4170 1192 4234; x_wconf 86' lang='lat' dir='ltr'><strong>sunt,</strong></span> <span class='ocrx_word' id='word_1_340' title='bbox 1213 4157 1235 4234; x_wconf 66' lang='lat'><strong>11¹,</strong></span> 
     </span>
     <span class='ocr_line' id='line_1_46' title="bbox 231 4227 1235 4338; baseline -0.006 -24"><span class='ocrx_word' id='word_1_341' title='bbox 231 4267 267 4314; x_wconf 84' lang='lat' dir='ltr'><strong>re</strong></span> <span class='ocrx_word' id='word_1_342' title='bbox 278 4241 579 4338; x_wconf 72' lang='lat' dir='ltr'><strong>proposita‘dieant.</strong></span> <span class='ocrx_word' id='word_1_343' title='bbox 621 4243 668 4312; x_wconf 89' lang='lat' dir='ltr'><strong>Et</strong></span> <span class='ocrx_word' id='word_1_344' title='bbox 681 4239 815 4332; x_wconf 81' lang='lat' dir='ltr'><strong>cognito</strong></span> <span class='ocrx_word' id='word_1_345' title='bbox 833 4239 1071 4314; x_wconf 80' lang='lat' dir='ltr'><strong>controversiae</strong></span> <span class='ocrx_word' id='word_1_346' title='bbox 1092 4256 1192 4320; x_wconf 87' lang='lat' dir='ltr'><strong>statu,</strong></span> <span class='ocrx_word' id='word_1_347' title='bbox 1211 4227 1235 4298; x_wconf 72' lang='lat' dir='ltr'><strong>ltl</strong></span> 
     </span>
    </p>
   </div>
   <div class='ocr_carea' id='block_1_8' title="bbox 0 0 1278 4906">
    <p class='ocr_par' dir='ltr' id='par_1_9' title="bbox 0 0 1278 4906">
     <span class='ocr_line' id='line_1_47' title="bbox 0 0 1278 4906; baseline 0 0"><span class='ocrx_word' id='word_1_348' title='bbox 0 0 1278 4906; x_wconf 95' lang='lat' dir='ltr'><strong> </strong></span> 
     </span>
    </p>
   </div>
  </div>
 </body>
</html>
