2548 4906
245 338 315 416 188
668 399 673 406 .
692 309 882 442 =bpologia

240 517 316 622 piae
333 517 494 614 quaedam
516 520 747 609 conscientiae,
777 538 910 618 propter
936 520 1121 614 legitimum
1143 543 1238 614 usone

239 603 338 696 Jugii.
380 605 417 674 Id
434 604 561 674 malum
582 621 652 674 erat
671 605 784 676 natum
807 635 844 678 ex
869 606 1081 700 opinionibus
1103 609 1238 675 Monam

240 688 466 784 superstitiose
483 689 687 760 laudantium
701 691 909 764 coelibatum.
953 697 1070 785 Neque
1088 709 1191 777 tamen
1205 708 1238 758 ter

238 771 383 872 rentiam
397 774 700 846 autcontinenriam
716 775 1047 872 vituperamus,.sed
1069 801 1170 870 supra
1186 777 1238 842 diri

176 941 182 948 -
240 873 393 930 exerertra
414 875 445 928 et
459 859 688 948 castigationes
705 862 850 955 corporis
869 859 1064 932 necessarias
1081 873 1162 932 e'sse.
1198 862 1238 928 lid

239 969 296 1013 am
311 957 388 1012 vero
396 942 547 1043 justitiae
564 943 763 1014 detrahimus
780 945 875 1016 certis
890 945 1185 1016 observationibus.
1207 951 1234 1011 Et

239 1043 357 1120 gauter
372 1026 453 1098 dixit
466 1028 703 1123 Epiphanius,¹
720 1030 963 1122 observap'ones
980 1029 1053 1100 illas
1070 1031 1231 1100 laudandas

238 1111 296 1186 διὰ
318 1111 384 1198 τὴν,
401 1113 606 1212 ἐγκράτειαν,
634 1115 767 1186 soldani
788 1114 860 1199 τὴν
872 1118 1047 1198 πολιτείαν,
1068 1113 1134 1186 boc
1150 1133 1201 1196 est,
1217 1115 1238 1181 al

239 1199 413 1274 ercendutu
428 1225 562 1293 corpus,
592 1217 650 1269 aut
666 1217 802 1296 propter
822 1199 984 1296 publicos
997 1227 1127 1284 mores,
1159 1202 1239 1292 sicuti

238 1281 379 1352 instituti
393 1282 526 1377 quidam
539 1285 635 1365 ritus,
658 1287 701 1354 ad
715 1285 1052 1358 commonefaciendos
1067 1285 1232 1381 imperitos,

239 1370 330 1462 quod
343 1366 410 1438 sint
423 1369 530 1440 cultus
546 1367 771 1461 justificantes.
1238 1399 1239 1440 t

225 1455 227 1462 ’
324 1454 390 1549 Sed
404 1453 583 1524 adversarii
599 1457 702 1532 nostri
718 1481 786 1524 non
802 1455 976 1552 requirunt
991 1457 1190 1529 coelibatum
1204 1477 1239 1554 pu

218 1545 222 1560 '
263 1537 476 1608 erstitronem.
521 1539 737 1629 Seiuntlenirn
752 1565 820 1631 non
839 1540 943 1612 solere
965 1541 1129 1635 praestari
1150 1551 1239 1609 castret

273 1647 367 1691 crum
378 1640 569 1725 praetexunt
584 1626 822 1728 superstitiosas
837 1625 1026 1729 opiniones,
1057 1645 1095 1696 ut
1108 1624 1239 1719 imperitis

237 1705 459 1780 cumlauant.
502 1707 611 1797 Magis
623 1711 723 1800 igitur
739 1711 816 1780 odio
834 1715 866 1778 d1
916 1712 1034 1792 isunt,
1064 1713 1239 1803 quarellos

237 1808 309 1875 tae,
339 1792 399 1884 qui
414 1793 555 1884 quadam
571 1795 678 1948 speeie
693 1795 859 1886 religionis
869 1735 957 1891 lbnpsi
975 1797 1154 1878 ¹ridentur,
1183 1791 1239 1862 illil

238 1872 323 1946 dana
347 1876 393 1946 ali
405 1877 555 1946 consulto
570 1901 588 1944 a
615 1897 751 1949 utuntur
763 1898 929 1975 praetextu
943 1879 1126 1971 religionis.

322 1901 433 2032 leno.
467 1965 554 2031 Cum
567 1960 744 2034 habeamus
756 1981 805 2038 tot
816 1990 931 2036 causas
945 1964 1187 2060 improbandae
1200 1963 1239 2055 legi

129 2121 132 2130 ,
236 2050 395 2139 perpetuo
411 2046 592 2133 coelibatu,
607 2068 723 2119 tamen
740 2065 870 2143 practer
884 2050 944 2120 has
960 2052 1121 2121 accedunt
1136 2054 1239 2148 ofianp

238 2129 313 2200 cula
327 2136 537 2215 animarum,
574 2153 607 2204 et
628 2134 758 2230 publiea
781 2129 952 2219 scandala,
988 2161 1093 2229 quae,
1134 2138 1235 2206 etiamn

213 2282 215 2291 ,
237 2239 304 2284 non
318 2232 400 2286 esset
413 2218 557 2308 injusta,
586 2236 695 2290 tamen
711 2221 887 2290 absterrere
907 2220 1011 2290 bonos
1027 2223 1118 2290 viros
1135 2225 1236 2292 debent.

169 2316 173 2391 j
238 2303 421 2400 approbent
440 2301 500 2372 tale
515 2329 616 2401 onus,
647 2305 738 2400 quod
760 2303 1011 2375 innumerabiles
1029 2303 1164 2378 animas
1184 2301 1239 2401 perd

237 2390 308 2454 Dru
323 2413 434 2461 omnes
450 2389 531 2457 bone
545 2391 607 2458 viri
624 2389 663 2459 de
681 2389 743 2460 boc
756 2396 868 2458 oner'e.
891 2389 973 2459 nesti
995 2407 1072 2472 sunt
1095 2394 1152 2460 vel
1176 2416 1231 2460 sua.

238 2471 379 2542 aliorum
397 2496 512 2556 cansa,
543 2500 625 2567 quos
643 2473 822 2569 periclitari
836 2415 1006 2558 villebant,
1034 2475 1092 2544 sed
1110 2475 1229 2570 basque

159 2621 163 2636 ,
237 2552 323 2625 nulli
348 2558 520 2626 Pontifices
543 2561 708 2628 audiunt.v
732 2566 848 2652 Neque
874 2561 1049 2632 obscurum
1077 2575 1150 2644 est,
1178 2588 1213 2654 qo

237 2641 316 2710 baec
328 2641 379 2709 lex
393 2659 506 2710 noceat
522 2643 661 2734 publicis
677 2643 852 2727 moribus,
884 2669 969 2737 quae
990 2643 1084 2726 vitia,
1102 2649 1210 2740 'quarn

237 2725 337 2793 tiosos
352 2721 504 2795 libidines
518 2728 691 2828 pepererit.
728 2733 857 2796 Extant
871 2734 1039 2806 Romanae
1053 2734 1206 2822 Satyrac,
1220 2727 1240 2820 in

152 2825 159 2862 t
238 2808 418 2882 etiamnum
433 2829 579 2900 agnoscit
591 2816 698 2881 mores
715 2817 822 2881 Roma
841 2812 984 2906 legitque
999 2837 1087 2884 suos.
1136 2817 1189 2885 Sic
1202 2811 1240 2881 ulo

235 2911 291 2962 tur
307 2900 397 2964 Deus
406 2912 611 2966 contemtum
625 2896 676 2968 sui
689 2896 777 2980 doni,
800 2922 941 2992 suaeque
954 2897 1182 2984 ordinationis,
1199 2897 1240 2968 ini

236 2979 294 3072 qni
310 2979 499 3074 conjugium
514 2982 697 3076 probibent.
723 2985 807 3051 Cum
825 2999 932 3052 autem
950 2981 1012 3052 hoc
1026 2984 1096 3052 fieri
1111 2986 1147 3054 in
1162 2979 1240 3058 aliisl

235 3065 296 3134 bus
312 3066 523 3149 consueverit
544 3086 581 3138 ut
595 3084 776 3153 mutentur,
796 3068 829 3135 si
845 3066 880 3137 id
888 3065 1025 3138 evidens
1041 3069 1170 3140 utilitas
1182 3087 1240 3138 suast

235 3176 294 3219 cur
307 3151 395 3228 idror
407 3175 476 3246 non
487 3152 522 3222 fit
537 3155 570 3223 in
586 3153 646 3222 bac
659 3153 759 3245 lege,
781 3153 893 3258 inqua
912 3167 962 3223 tot
974 3173 1089 3242 graves
1110 3179 1216 3224 causae
1231 3171 1240 3214 t

235 3255 388 3317 currunt,
417 3239 609 3390 praesertim
624 3235 675 3308 his
690 3253 866 3332 postremis
883 3238 1102 3341 temporibus,
1131 3265 1187 3308 eur
1206 3247 1240 3304 nt

183 3351 185 3358 >
236 3319 373 3392 debeat?
449 3320 822 3408 aturasenescit„etlit
861 3321 996 3392 aulatrm
1013 3323 1172 3406 debilior,
1197 3339 1240 3390 ett

155 3465 159 3476 ,
194 3485 198 3495 Ι
235 3404 423 3484 cuutvitia,
448 3430 515 3499 quo
531 3410 638 3496 magis
657 3406 815 3504 remedia,
852 3405 982 3498 'vinitus
998 3407 1124 3498 'tradita
1146 3405 1240 3498 adhibe

235 3507 337 3558 erant.
379 3487 560 3576 Videmus,
588 3492 678 3584 quod
692 3491 809 3576 vitium
825 3507 952 3562 accuset
967 3495 1057 3570 Deus
1071 3509 1147 3564 ante
1160 3492 1240 3580 diluet

130 3613 137 3620 -
257 3577 324 3645 uod
340 3590 465 3646 accuset
480 3593 555 3648 ante
570 3575 857 3666 conflagrationem
873 3575 1019 3670 quinque
1041 3575 1182 3650 urbium.
1216 3577 1240 3640 St

139 3735 141 3742 ,
234 3598 282 3730 lle
305 3661 384 3735 vitia
396 3663 648 3762 'praecesserunt
667 3661 791 3732 excidia
809 3661 963 3735 aliarum·
977 3661 1110 3745 urbium
1136 3659 1240 3730 mutuo

234 3761 273 3813 ut
300 3747 454 3835 Sybans,
488 3749 623 3814 Romae.
672 3749 720 3814 Et
747 3747 783 3817 in
810 3743 861 3816 his
881 3745 998 3837 imago
1032 3763 1207 3842 temporum
1227 3763 1240 3832 pt

137 3863 139 3868 ·
233 3828 342 3926 posita
372 3846 436 3912 est,
472 3853 556 3922 quae
578 3827 728 3923 proxima
748 3846 844 3902 erunt
866 3837 981 3910 ,rerum
1003 3831 1070 3900 lini.
1113 3835 1185 3900 Ideo
1207 3827 1240 3913 itt

234 3915 298 3984 mis
321 3910 471 4008 oportuit
490 3918 554 3986 hoc
575 3931 720 4008 tempore
735 3913 945 3986 severissimis
960 3913 1085 4018 legibus
1096 3934 1193 4009 ‘atque
1207 3931 1240 3978 est

234 4000 298 4095 plis
331 3999 458 4068 munire
488 3999 695 4092 conjugium,
717 4018 758 4070 ,et
794 4002 836 4069 ad
873 4002 1065 4092 conjugium
1100 3987 1240 4088 invitarel

224 4085 353 4158 'mines
395 4085 434 4152 ld
459 4091 501 4156 ad
524 4085 732 4176 magistratus
782 4077 913 4166 ertinel,
943 4083 1002 4178 qui
1023 4084 1141 4156 debent
1159 4077 1240 4177 publt

235 4165 445 4264 disciplinam
461 4170 554 4240 tueri.
592 4167 743 4245 Interim,
764 4187 887 4240 octores
900 4168 1073 4260 Evangelii
1086 4163 1240 4262 utrunqutl

235 4257 342 4344 dant,
364 4254 550 4338 ,hortentur
576 4255 627 4326 'ad
648 4255 839 4356 conjugium
867 4253 1123 4342 incontinentes,
1155 4251 1240 4322 torel
