2750 4902
224 361 280 440 ae
475 367 478 379 '
686 357 878 438 Confessio

163 619 165 624 ,
233 569 255 616 o
279 565 335 614 era
349 541 384 612 ln
398 537 545 638 qualibet
558 539 727 614 romtione
742 546 819 612 Deo
830 537 987 634 placeant.
1019 539 1086 612 'lle
1102 536 1221 636 quibus
1237 537 1343 616 rebus

232 565 315 718 oiim
334 653 451 724 parum
472 625 634 697 docebant
658 625 931 710 concionatores,
967 637 1098 696 tantum
1130 623 1274 718 puerilia
1310 643 1344 696 et

231 709 491 784 nonnecessaria
505 712 805 806 opera'urgebant,
836 725 874 780 ut
898 725 1001 782 certas
1027 707 1146 790 serias,
1168 724 1265 780 certa
1285 712 1343 803 jc-

230 798 343 892 junia,
376 793 615 881 fraternitates,
655 793 949 897 peregrinationes,
987 791 1095 864 cultus
1124 797 1343 898 Sanctorum,

229 882 375 970 rosaria,
409 879 644 952 monachatum
670 897 703 953 et
725 879 860 951 similia.
913 883 1001 950 llaec
1024 878 1205 960 adversam
1224 896 1344 952 nostn

24 989 32 1034 .’
138 993 139 998 ’
228 965 393 1040 admoniti
407 990 493 1036 nune
509 965 699 1051 dedissunt,
728 993 788 1036 nec
808 965 946 1066 perinde
954 963 1156 1064 ‚praedicant
1172 959 1253 1034 baec
1277 965 1342 1036 in—

229 1053 329 1122 utilia
344 1076 463 1149 opera,
485 1066 521 1119 ut
536 1050 627 1122 olim.
678 1056 851 1122 Praeterea
864 1063 1025 1148 rnuprpnt
1039 1047 1116 1118 lidei
1130 1047 1342 1124 mentionem

228 1136 352 1220 Iacere,
374 1137 414 1206 de
437 1159 502 1237 qua
523 1134 607 1236 olim
625 1137 747 1237 mirum
770 1151 840 1236 erat
862 1133 1042 1205 silentium.
1093 1138 1239 1216 Doceat,
1270 1159 1341 1206 mos

154 1235 160 1250 '
228 1247 299 1295 non
321 1237 451 1292 tantum
474 1221 629 1318 operibus
652 1223 844 1315 justificari,
874 1221 932 1300 sed
955 1217 1279 1322 conjunguutlidcm
1307 1235 1342 1294 et

105 1317 108 1336 '
228 1331 352 1402 opera,
391 1324 423 1376 et
448 1306 576 1389 dicunt,
602 1331 663 1378 nos
683 1307 748 1376 fido
768 1321 802 1376 et
826 1303 979 1398 operibus
1020 1304 1183 1374 ustificau.
1233 1308 1341 1392 Quae

227 1390 376 1466 doctrina
388 1389 597 1464 tolerabilior
609 1407 658 1460 est
670 1391 799 1487 priore,
821 1406 852 1458 ct
865 1387 939 1483 plus
954 1411 973 1456 a
1004 1413 1074 1459 erre
1087 1402 1195 1486 potest
1208 1411 1339 1464 conso-

172 1495 175 1506 ’
227 1471 384 1560 lationis,
402 1501 501 1577 quarn
516 1493 609 1546 retus
625 1473 773 1571 ipsorum
790 1472 948 1544 doctrina.

314 1561 400 1630 Cum
415 1557 674 1652 rgitnrdoctrina
689 1559 825 1642 deiide,
848 1583 948 1654 quam
971 1575 1100 1654 oportet
1123 1556 1160 1630 in
1183 1557 1339 1631 Ecclesia

250 1645 540 1742 raecipuanresse,
560 1661 627 1713 tam
651 1643 708 1714 diu
730 1643 868 1737 jacuerit
886 1641 1022 1733 ignota,
1049 1645 1339 1741 quemadmodum

261 1731 322 1804 teri
336 1755 450 1820 omnes
461 1753 588 1798 necesse
601 1743 668 1812 est,
696 1730 737 1800 de
759 1729 836 1800 fidei
852 1727 984 1820 'justitia
1003 1729 1201 1805 altissimum
1227 1729 1338 1808 silen-

224 1817 310 1888 tium
323 1815 422 1884 finisse
438 1814 475 1882 in
491 1812 720 1898 concionibus,
741 1830 868 1915 tantum
889 1812 1072 1884 doctrinam
1093 1838 1231 1912 operum
1253 1839 1337 1886 rer-

222 1918 330 2058 platapr
345 1923 414 1970 esse
429 1897 465 1966 in
478 1896 652 1984 Ecclesiis,
673 1915 776 1970 nostn
793 1900 833 1970 de
848 1898 913 1968 lide
935 1897 981 1968 sic
999 1899 1237 1971 admonuerunt
1261 1903 1336 1971 Ec-

257 2007 351 2058 esras.
702 2023 705 2032 ,

306 2067 493 2166 Principio,
513 2067 604 2164 quod
622 2091 723 2171 opera
741 2083 855 2139 nostra
880 2087 950 2162 non
974 2067 1101 2163 possint
1118 2067 1336 2140 reconciliare

222 2156 351 2236 Deum,
372 2169 431 2222 aut
443 2151 564 2224 mereri
580 2153 806 2224 remissionem
826 2169 1053 2250 peccatorum,
1082 2170 1114 2222 et
1137 2153 1277 2244 gratiam
1301 2173 1335 2226 et

223 2237 505 2329 justificationem,
527 2239 585 2307 sed
596 2237 679 2312 banc
695 2255 820 2308 tantum
837 2239 900 2309 fide
914 2237 1163 2334 consequimur,
1191 2240 1332 2310 ereden-

221 2337 271 2393 tes
287 2324 525 2420 quodpropter
542 2320 715 2408 Christum
724 2321 923 2419 recipiamur
934 2321 969 2391 in
985 2321 1142 2416 gratiam,
1164 2322 1221 2420 qui
1236 2324 1332 2395 solus

222 2407 349 2504 potitus
363 2426 412 2480 cst
425 2406 587 2480 mediator
600 2424 633 2478 et
646 2433 710 2504 pro
735 2408 925 2493 itiatorium,
945 2431 1004 2503 per
1020 2428 1118 2510 qnepr
1133 2409 1331 2480 reconcilie-

220 2508 276 2592 tur
289 2509 390 2588 pater.
431 2499 480 2564 lta
503 2519 546 2564 ue
561 2490 620 2588 qui
634 2519 695 2565 eon
720 2493 789 2579 dit,
811 2496 965 2592 operibus
978 2517 1012 2564 se
1032 2492 1150 2562 mereri
1172 2493 1330 2586 gratiam,

195 2651 197 2658 ,
219 2603 250 2648 as
271 2595 463 2673 aspernatur
556 2578 608 2648 'sti
628 2580 784 2650 meritum
804 2595 837 2648 et
859 2595 1020 2667 gratiam,
1049 2591 1083 2646 et
1105 2578 1235 2672 quaerit
1251 2579 1330 2649 sine

147 2715 150 2722 .
217 2660 355 2734 Cbrism
369 2660 520 2732 humanis
536 2663 658 2733 viribus
672 2664 760 2733 viam
771 2666 814 2734 ad
829 2668 954 2746 Deum,
976 2678 1050 2732 curn
1068 2660 1219 2734 Cbristus
1235 2663 1331 2736 dese

220 2745 356 2818 dixerit:
398 2751 472 2838 Ego
486 2771 559 2816 sum
572 2747 644 2830 via,
667 2747 784 2818 veritas
799 2764 831 2818 et
844 2747 920 2817 vita.

129 2843 130 2848 ’
158 2823 162 2842 ’
305 2837 394 2907 Ha'cc
407 2831 555 2904 doctrina
569 2831 609 2902 de
622 2833 686 2905 fide
698 2833 823 2928 ubique
837 2832 871 2902 in
880 2828 983 2904 Paulo
996 2848 1163 2915 tractatur,
1175 2829 1264 2928 pr.
1282 2838 1330 2904 11.
1360 2847 1361 2856 ’

221 2917 337 2990 Gratia
351 2916 435 2988 salvi
450 2917 527 2990 sacti
538 2916 614 2987 estis
629 2942 691 3013 per
704 2917 822 3003 fidem,
844 2933 877 2988 et
889 2916 953 2988 boc
974 2943 1041 2990 non
1054 2945 1092 2988 ex
1112 2915 1226 3002 vobis,
1256 2921 1331 2990 Dei

208 3003 433 3092 ¹donum‘est,⁴
443 3027 510 3072 non
522 3027 561 3072 ex
577 3001 732 3098 operibus
744 3014 829 3073 etc.¹
1160 3015 1162 3026 '

234 3167 242 3184 ·
301 3091 346 3157 Et
357 3111 399 3158 ne
414 3087 487 3184 quis
502 3088 687 3172 cavilletur,
708 3087 845 3160 anobis
865 3111 985 3158 novam
1003 3087 1099 3160 Pauli
1121 3087 1331 3184 interpreta-

219 3185 340 3241 tionem
356 3172 551 3266 excogitari,
571 3187 641 3244 tota
653 3170 733 3243 baec
748 3197 844 3244 causa
860 3172 958 3243 habet
973 3172 1159 3245 testimonia
1170 3174 1330 3242 Patruur.

111 3285 118 3300 ¹
216 3258 303 3326 Nam
327 3257 532 3350 Augustinus
557 3253 671 3327 multis
699 3255 923 3328 voluminibus
955 3255 1102 3329 deiendit
1164 3254 1267 3328 atium
1290 3275 1331 3328 et

145 3379 154 3387 -
219 3339 380 3413 ‘ustitiam
392 3341 468 3412 fidei
480 3357 595 3432 contra
609 3342 726 3412 merita
744 3366 892 3438 operum.
935 3346 982 3413 Et
993 3342 1128 3413 similia*
1149 3346 1331 3412 aceram-

163 3469 165 3480 ·
213 3365 342 3495 brosius
356 3425 397 3498 de
415 3426 582 3496 vocatione
621 3426 760 3510 endum,
789 3426 940 3526 etalibiq'
976 3427 1032 3498 ste
1052 3425 1191 3498 enimin
1215 3426 1331 3499 uitde

212 3509 381 3582 vocatione
399 3510 559 3604 gentium:
638 3511 785 3583 ilesceret
802 3513 960 3596 redemtio
982 3510 1152 3607 unguinis
1252 3510 1261 3526 ’
1282 3512 1329 3600 ti,

212 3615 271 3666 nec
286 3595 526 3667 misericordiae
539 3597 604 3666 Dei
618 3593 840 3667 bumanorum
852 3596 1226 3694 operompraerogativs
1238 3620 1329 3668 suc·
1357 3647 1358 3650 =

210 3669 394 3778 cumberet,
415 3680 443 3762 si
459 3679 663 3763 ‘ustificatim
683 3704 768 3776 quae
780 3682 888 3775 fitper
940 3681 1051 3764 atiam,
1072 3681 1199 3754 merids
1213 3705 1328 3776 prae-

209 3764 397 3854 cedentibus
410 3707 601 3864 dederetur,
625 3781 740 3836 utnon
759 3791 877 3836 munus
909 3765 1084 3858 angientis,
1110 3767 1169 3836 sed
1189 3791 1328 3840 merces

208 3865 485 3943 essetoperantrs.
922 3903 923 3908 η

221 4009 232 4029 .
291 3937 491 4032 Quanquam
506 3951 614 4008 auum
627 3934 708 4008 baec
722 3934 871 4008 doctrina
883 3934 1102 4010 contemnitur
1116 3935 1157 4008 ab
1174 3933 1327 4032 imperi-

205 4026 260 4098 tis,
273 4029 381 4088 tamen
396 4020 603 4116 experiuntur
614 4019 688 4116 piae
694 4045 733 4094 ac
739 4022 876 4118 pavidae
882 4021 1108 4104 conscientiae,
1125 4019 1326 4117 plurimum

116 4125 120 4136 s
203 4120 277 4167 cam
301 4103 536 4176 consolationis
565 4105 704 4191 aslerre,
733 4105 811 4202 quia
836 4107 1052 4178 conscientiae
1079 4131 1147 4177 non
1172 4127 1325 4200 possunt
1355 4139 1356 4142 ¹

197 4182 294 4253 reddi
308 4189 504 4283 tranquillae
520 4215 579 4285 per
593 4189 659 4260 ulla
677 4216 795 4288 opera,
816 4193 874 4262 sed
890 4191 1105 4276 tantumlide,
1119 4209 1203 4260 cum
1219 4208 1323 4266 certo

200 4281 361 4390 statuunt,
381 4275 471 4368 quod
491 4291 626 4374 propter
649 4273 819 4352 Christum
836 4275 978 4351 habeant
997 4276 1163 4376 placatum
1182 4279 1315 4348 Deum.
1354 4367 1355 4372 ἵ
