2610 4900
248 425 251 433 .
347 351 758 464 catechismusmaj'on
954 461 956 472 y
999 359 1094 474 ¹393,

57 539 180 612 sullam
195 539 416 612 necessitatem
428 540 567 613 intuitus
584 557 648 614 ests
677 541 735 611 sed
758 563 827 612 uon
841 535 927 614 ultra
940 541 1103 633 cogitarit

19 567 145 719 deluendo
163 626 310 722 proculae
324 626 375 696 rel
392 626 516 722 optime
532 629 793 698 demurmuratae
810 634 900 708 sunt)
916 651 1015 722 quom
1031 627 1105 698 b0-.

18 728 84 779 eum
102 737 182 806 opus
203 712 323 796 iacere,
353 737 420 815 quo
449 711 606 782 diurnum
623 715 859 808 pensumlDeo
880 711 1095 806 persolveret,

20 796 107 892 utqui
121 823 186 866 non
203 799 244 866 ab
260 822 299 867 eo
315 787 497 894 uccrpiunt,
520 799 575 866 sed
594 813 725 866 tantum
740 794 791 865 illi
808 797 887 864 dare
909 795 1034 868 volunt.

83 884 277 963 Caeterum,
299 881 356 981 ubi
371 881 474 952 oratio
491 899 576 953 recte
590 881 738 981 instituta
754 906 823 952 esse
836 881 960 980 ‘debetss
979 907 1095 952 neces-
1136 891 1142 938 f

18 983 147 1050 sumest,
169 965 301 1036 utseria
318 982 359 1036 ιιι
382 966 544 1060 precatio,
564 983 601 1035 ut
625 991 699 1062 qurs
721 983 945 1036 neeessrtatem
966 970 1094 1050 sentiat,

38 1077 72 1119 ua
85 1051 263 1144 premitur,
281 1067 316 1132 ct
332 1054 379 1125 ad
391 1051 609 1121 invocandum
635 1067 667 1120 ot
677 1049 884 1120 clamandum
905 1050 1096 1146 impellitur.

17 1077 108 1228 itque
124 1137 169 1226 ita
184 1137 318 1204 demum
334 1139 387 1221 lit,
411 1153 449 1206 ut
462 1153 567 1219 recta,
614 1135 864 1204 uemedmodum
880 1160 939 1231 par
958 1153 1022 1220 est,
1053 1135 1097 1215 ad

17 1220 273 1290 Deuml'uudutur
288 1221 411 1307 oralio,
433 1237 470 1290 ut
483 1220 575 1289 nullo
590 1163 719 1298 doctore
741 1245 825 1314 opus
849 1220 905 1305 sit,
928 1221 1097 1316 quomodo
1183 1233 1186 1244 ’

17 1304 117 1400 aliquis
133 1306 174 1378 ed
189 1306 350 1374 orandum
363 1331 396 1375 se
410 1321 594 1402 praeparet,
617 1322 674 1390 aut
689 1305 776 1374 uude
789 1305 996 1376 devotionem
1010 1305 1096 1374 hau-

16 1388 78 1485 riet.
123 1388 358 1484 Necessitatem
385 1409 483 1475 reru,
515 1415 599 1486 quae
622 1415 782 1490 cumpro
805 1390 920 1474 nubis,
951 1407 1020 1460 tum
1034 1417 1096 1484 pro
1148 1405 1179 1440 1'
1255 1415 1257 1422 “

17 1471 75 1542 abis
91 1475 182 1544 nobis
193 1475 286 1546 cordi
301 1499 370 1544 esse
387 1475 493 1557 debet,
518 1476 647 1545 abunde
662 1491 739 1556 saus
751 1474 949 1545 iu'oratiuue
962 1500 983 1545 a
995 1475 1097 1546 Chri·-
1173 1525 1175 1536 »
1207 1497 1218 1520 ‘

16 1574 56 1626 sto
69 1560 158 1629 n'obis
174 1559 378 1656 praescripta
393 1559 552 1642 invenies,
570 1571 660 1654 'quae
675 1561 772 1630 etiam
788 1560 830 1634 ad
845 1558 929 1631 hane
945 1585 1014 1630 rem
1032 1583 1097 1630 nu:
1201 1597 1205 1604 ·

17 1641 57 1709 bis
72 1644 184 1714 servire
199 1646 313 1729 debet,
333 1662 370 1714 ut
388 1672 427 1714 ex
438 1645 499 1714 illa
514 1644 714 1716 necessitatis
731 1647 825 1736 saep‘e
847 1647 1096 1729 admoneamur,

15 1751 48 1794 ne
72 1730 112 1797 ad
118 1731 284 1812 'orandum
303 1755 417 1820 segnes
438 1731 636 1803 reddamur:
674 1734 759 1802 Suut
780 1727 869 1797 enirn
890 1751 957 1798 uon
979 1755 1096 1825 parum
1151 1741 1155 1750 ’

16 1813 123 1896 multa',
146 1839 232 1909 quae
248 1815 365 1884 desunt
381 1815 478 1885 uobis
494 1815 663 1898 omnibus,
687 1813 749 1885 hoc
763 1815 985 1884 tamen‘unum
1002 1841 1097 1885 cum·-

16 1897 115 1990 primis
130 1898 164 1967 in
179 1899 333 1980 omnibus
348 1901 575 1984 desideratur,
596 1900 684 1994 quud
711 1923 807 1968 nemo
828 1916 975 1970 nostrum
991 1925 1028 1970 ca
1043 1899 1097 1968 vi-

17 1981 79 2079 deat
93 2001 148 2053 aut
162 1983 292 2054 sentiat.
337 1989 448 2072 (Quare
462 1990 553 2053 Deus
575 2009 600 2054 a·
617 1980 792 2082 nobishoc
813 2007 942 2054 summe
962 2002 1099 2056 conten-

18 2067 71 2148 drt,
93 2085 127 2137 ut
136 2091 211 2167 'eum
230 2070 553 2162 necessitatemque
572 2079 741 2164 premens,
764 2089 859 2138 orans
877 2073 1098 2164 conqueraris,

16 2168 98 2244 atque
110 2179 263 2248 exponas,
284 2179 350 2223 uon
367 2157 456 2255 quod
470 2154 601 2243 ignoret
616 2153 695 2248 ipse,
717 2179 830 2221 verum
841 2171 878 2223 ut
892 2171 926 2222 tu
940 2173 1099 2226 cortuum

16 2240 151 2308 accendas
174 2241 216 2306 ad
245 2241 426 2332 impensius
444 2263 482 2306 ac
500 2237 619 2310 fortius
642 2237 836 2332 petendum,
865 2255 965 2331 utque
990 2241 1098 2316 sinum

16 2319 93 2412 pallii
107 2323 154 2392 tui
169 2325 286 2414 saltem
298 2349 398 2419 quam
406 2324 562 2394 latissime
574 2323 736 2396 distendas
747 2337 779 2408 et
793 2322 932 2423 aperias,
949 2326 993 2394 ad
1006 2324 1099 2394 mul·
1114 2386 1119 2398 .
1141 2332 1144 2338 ’

18 2420 45 2472 ta
58 2407 308 2502 percipiendum.
508 2431 511 2436 ·
663 2429 665 2432 ’

90 2498 251 2582 Quocirca
276 2497 384 2564 stetim
406 2494 581 2588 apucritia
602 2517 786 2563 assuescere
805 2484 1035 2579 conveniebat,
1062 2511 1100 2565 ut
1127 2514 1132 2522 '

19 2575 139 2674 quisque
155 2579 310 2676 privatim
325 2604 386 2672 pro
405 2603 464 2648 sue
480 2578 690 2661 necessitate,
708 2603 944 2674 quamcunque
966 2581 1099 2650 tandem

18 2661 69 2728 srbi
85 2665 244 2755 objectam
258 2663 522 2756 persentisceret,
546 2675 614 2749 tum
627 2664 724 2732 etiam
741 2661 887 2758 proeliis
901 2663 1101 2750 bominibus,

20 2746 198 2836 quibuscum
212 2765 367 2838 versatur,
392 2749 540 2841 quotidie
553 2766 755 2854 precaretur,
777 2747 954 2842 velutipro
969 2753 1100 2834 concio-

11 2833 189 2920 natoribus,
213 2835 475 2922 magistratibus,
493 2833 639 2915 ¹ricmis,
664 2832 811 2916 familia,
839 2849 871 2902 et
895 2835 982 2904 aliis:
1013 2861 1101 2906 sem·
1131 2895 1133 2902 ,

18 2915 126 3009 per'que
144 2925 261 2987 'Deum
281 2924 333 3010 (ut
348 2917 471 2988 dietum
492 2926 555 3008 est)
583 2920 635 2986 sui
663 2917 826 3012 praecepti
854 2921 1114 3010 promissionis!

19 3022 72 3152 pne
87 3003 294 3086 admoneret,
317 3003 595 3086 nihilhoesitans,
618 3004 847 3076 eundemsuas
863 3019 974 3104 preces
998 3025 1101 3076 exau*

39 3086 162 3157 iturum.
205 3094 295 3156 Haec
313 3105 483 3184 propterea
502 3087 591 3169 dico,
613 3085 811 3176 perlibenter
824 3113 911 3158 eurm
927 3089 1042 3172 velim,
1065 3107 1103 3160 ut
1192 3089 1199 3114 ¹

20 3165 61 3236 bis
75 3175 172 3264 probe
191 3174 389 3268 perceptis,·
404 3172 552 3251 homines
573 3174 692 3240 iterum
710 3188 793 3244 recte
812 3167 910 3264 'orare
934 3175 1102 3271 perdisce-

19 3273 97 3338 rcnt,
118 3265 224 3352 neque
240 3273 307 3325 tam
323 3258 490 3330 horridam
506 3275 538 3328 et
554 3257 728 3340 incultum,
750 3271 847 3350 atque
865 3259 907 3328 ab
929 3259 1018 3329 omui
1041 3259 1101 3340 de-

20 3339 143 3412 votionis
161 3343 282 3411 aflectu
299 3341 443 3412 alienam
456 3342 734 3425 vitam'viverent,
749 3349 862 3434 'e'qua
877 3343 911 3412 in
937 3343 1006 3413 dies
1032 3344 1102 3412 siu,-

21 3423 104 3512 gulos
120 3429 160 3504 ad
175 3425 376 3522 precationes
403 3427 567 3514 iaciendas¹
585 3429 762 3519 ineptiores
770 3431 940 3510 «evadunt,
969 3430 1058 3522 quod
1073 3447 1105 3504 et
1199 3447 1202 3461 ¹

21 3509 169 3582 uiabotus
195 3511 287 3580 anxie
309 3511 486 3594 desiderat,
517 3512 809 3582 omnibusviribus
829 3539 867 3582 eo
890 3512 1055 3604 instigans,
1071 3531 1104 3584 et
1129 3579 1133 3586 .

21 3593 139 3680 juvare
152 3597 270 3689 neque
284 3599 372 3666 enim
388 3597 522 3668 obscure
538 3597 646 3678 sentit,
669 3613 826 3690 quantum
843 3599 1026 3672 detrimenti
1042 3599 1105 3676 sibi

22 3680 136 3750 atllerre
153 3677 254 3750 soleat
268 3682 374 3752 oratio
391 3683 564 3762 fervuuset
578 3679 701 3750 sedula.
774 3719 775 3724 ι
832 3753 833 3756 ¹
880 3721 907 3738 „
1091 3755 1092 3762 ἵ

94 3771 162 3836 Hoc
176 3765 262 3836 enim
278 3765 360 3835 scire
374 3765 548 3850 debemus,
570 3791 700 3839 omnem
723 3763 857 3834 tutelam
875 3793 913 3836 ac
938 3765 1104 3844 defensio-s

24 3861 257 3922 nem‘nostram
278 3851 373 3920 unice
397 3853 478 3920 adeo
503 3853 539 3922 in
562 3850 710 3926 erutione
740 3855 835 3919 sitam
859 3879 938 3922 esse.
997 3853 1105 3928 Multo

25 3933 99 4002 enim
121 3935 247 4006 viribus
269 3934 498 4005 imbecilliores
513 3940 650 4015 sumus,
681 3960 779 4028 qurum
801 3952 843 4004 ut*
860 3949 933 4008 cum
956 3937 1111 4010 Diabolu-

12 4017 144 4165 yp'usque
171 4017 266 4093 sotiis
296 4020 602 4116 auxiliaribus-nos
625 4017 853 4092 infestantibus
870 4046 975 4116 aequo
997 4026 1106 4098 Marto
1190 4063 1194 4070 ·

46 4109 199 4194 pugnare
242 4122 395 4188 ueemus',
418 4106 519 4190 adeo,
546 4122 583 4174 ut
599 4129 659 4173 uos
704 4101 873 4193 rolligetos
896 4123 1032 4186 tautum¹
1044 4132 1106 4201 pe«

24 4184 108 4258 <tuus
130 4128 312 4280 conculcare
335 4205 491 4285 possent·
536 4191 614 4260 Ideo
637 4131 732 4262 nolis
752 4189 900 4288 impense
928 4191 1036 4260 danda
1059 4209 1108 4267 est

26 4292 43 4333 o
67 4297 134 4357 era,
163 4291 199 4342 ut
215 4300 253 4344 ee
274 4281 365 4346 erma
387 4273 540 4348 manibus
560 4273 775 4368 arripiamus,
811 4275 930 4368 quibus
957 4274 1110 4356 instructi
1192 4311 1201 4353 ῃ

11 4431 13 4442 ,
57 4353 358 4468 hristianiDiabolo
373 4360 660 4462 queautresistere.
702 4357 794 4454 Quid
806 4360 892 4436 cuim
905 4377 1003 4462 putas
1028 4359 1109 4440 bac=
