2618 4902
590 331 596 356 ,
637 352 643 366 1
946 345 949 356 ,
1170 317 1176 344 ;

416 365 678 462 Confessionis.¹
713 436 718 449 ,
907 431 926 464 1.
986 413 994 422 ·
1013 365 1098 462 '113
1129 445 1133 465 ,

7 551 158 653 igaveris‚
179 565 239 623 ete.
278 553 325 620 Et
339 549 426 624 nunc
440 547 476 618 in
489 547 552 618 hoc
567 561 727 622 conventu
738 559 886 618 auctores
894 545 1098 642 confutatio-
1245 551 1248 564 '

7 663 45 706 ns
67 639 310 708 damnaverunt
324 631 444 730 apertis
465 634 575 706 verbis
600 633 681 718 hoc,
718 633 809 728 quod
835 633 933 702 fidem
956 632 1097 705 diximus

7 739 122 792 sortem
153 745 223 806 esse
245 719 488 812 poenitentiae‚-
520 723 585 814 qda
612 723 844 811 consequimur
866 716 1097 788 remissionem
1155 735 1159 756 ‘

7 823 219 888 necatorum,
247 821 281 873 et
294 803 453 872 vincimus
467 819 606 878 terrores
626 815 852 898 peccatorum,
882 817 915 872 et
928 799 1096 873 conscien-

7 895 37 960 ia
53 907 169 986 pacata
184 887 345 958 redditur.
390 887 476 974 Quis
489 905 599 958 autern
617 914 685 958 non
704 886 792 957 videt
805 886 894 956 hune
908 886 1096 974 articulum,
1139 964 1146 985 l

7 979 91 1072 [uod
104 977 169 1044 fide
190 981 430 1066 consequemur
456 973 683 1042 remissionem
704 988 932 1067 peccatorum,
960 972 1096 1042 verissi-

7 1089 107 1141 num,
137 1058 373 1141 certissimum,
402 1073 436 1126 et
454 1057 596 1126 maxime
611 1057 830 1128 necessarium
850 1081 919 1127 esse
941 1056 1094 1144 omnihus
1182 1079 1186 1086 ·

7 1143 217 1215 Zhristianis?
263 1143 350 1232 Quis
368 1144 409 1213 ad
425 1153 557 1211 omnent
571 1143 794 1236 posteritatem
814 1142 966 1226 audiens,
995 1142 1095 1212 talem
1199 1145 1207 1165 ”

9 1230 188 1300 ententiam
203 1230 391 1298 damnatam
400 1251 479 1310 esse,
499 1226 661 1328 judicabit
671 1243 817 1308 auctores
829 1226 1097 1320 hujns'condem·

7 1315 136 1385 tationis
153 1313 254 1382 ullam
270 1313 396 1383 Christi
410 1315 564 1383 notitiam
578 1311 756 1381 hahuisse?
784 1317 833 1382 Et
844 1312 882 1382 de
898 1311 1018 1408 spiritu
1034 1338 1095 1384 eo-

9 1427 68 1468 um
100 1402 286 1492 conjectura
317 1398 388 1467 fieri
407 1408 537 1492 -potcst'
550 1411 588 1466 ex
620 1395 680 1465 illa
708 1396 858 1466 inaudita
882 1395 1093 1484 crudelitate,

7 1511 92 1582 [uam
114 1499 240 1557 constat
262 1508 317 1553 eos
339 1484 374 1554 in
396 1483 502 1553 honos
523 1482 614 1552 viros
634 1480 798 1576 plurimos
822 1479 976 1552 hactenus
996 1505 1093 1552 exer·-

7 1572 107 1640 uissc.
150 1567 393 1663 Etaccepimus
408 1566 444 1636 in
458 1567 520 1637 hoc
540 1584 717 1650 conventu,
746 1566 910 1662 quendam
936 1591 1093 1638 reveren-
1155 1585 1159 1598 '

7 1659 71 1724 lum
86 1653 275 1724 Patremin
291 1658 414 1722 Senatu
425 1653 579 1748 imperii,
602 1677 677 1722 eum
694 1653 735 1722 de
757 1665 868 1751 npsntra
888 1651 1094 1751 eoplessione
1123 1661 1126 1672 '

8 1740 172 1808 ententiae
196 1738 416 1820 dicerentur‚‘'
435 1738 571 1820 dixisse,
608 1736 738 1806 nulltim
759 1738 824 1806 srhr
840 1735 1023 1824 consthum
1037 1737 1093 1806 vi-

7 1823 65 1893 leri
83 1823 217 1906 utilius,
245 1846 344 1918 quam
360 1822 387 1892 si
403 1823 445 1891 ad
462 1821 718 1906 confessionem,
745 1846 845 1916 quam
868 1845 929 1892 nos
950 1820 1094 1892 exhihu-

7 1931 130 1980 ssemus
146 1923 328 1978 atramento
342 1908 403 1978 scri
431 1924 516 1992 tam,
546 1905 702 1998 sangnine
714 1906 955 1978 rescriberetur.
998 1909 1094 1997 Quid

7 1995 112 2064 liceret
131 1993 310 2070 'crudelius
330 1935 503 2062 Phalaris?
544 1999 590 2062 Ita
617 2019 657 2061 uc
687 1992 771 2062 hanc
800 2017 912 2062 vocem
940 1993 1093 2062 nonnulli

8 2081 92 2149 tiam
115 2077 287 2177 Principes
307 2077 535 2171 judicaverunt
555 2019 726 2167 indignam
755 2101 957 2181 esse‚›quae
975 2077 1012 2147 in
1031 2077 1092 2150 tali

7 2177 144 2234 onscssu
160 2165 332 2234 diceretur.
375 2169 487 2251 Quare
503 2163 632 2232 etiamsi
645 2162 811 2236 vindicant
830 2161 893 2234 sitr
909 2159 1093 2234 adversarii

7 2267 109 2320 ,omen¹
133 2247 315 2332 Ecclesiae,
339 2265 458 2318 tamen
489 2275 551 2318 nos
578 2249 735 2334 sciamus²
762 2247 941 2318 Ecclesiam
966 2247 1093 2322 Christi
1120 2273 1121 2278 ’

9 2335 80 2430 pud
104 2335 164 2403 llos
188 2359 273 2417 esse,
303 2335 361 2428 qui
382 2334 599 2424 Evangeliurn
616 2332 757 2402 Christi
781 2337 910 2418 docent,
939 2333 1008 2403 n'on
1032 2334 1093 2438 qui

7 2445 147 2488 ›ravaso
173 2419 300 2489 iniones
327 2437 440 2488 contra
462 2417 683 2512 Evangelinm
703 2417 903 2500 defendunt,
928 2418 1011 2488 sicut
1034 2443 1093 2486 rn-

8 2505 67 2574 uit
82 2509 134 2573 Do
171 2505 261 2573 inus:
307 2507 395 2572 Oves
411 2529 501 2574 meae
517 2516 752 2574 vocemmeam
767 2501 917 2573 audiunt.
947 2507 1093 2574 etnu-

8 2591 141 2660 ¹ustinus
155 2588 218 2658 ait:
259 2585 419 2676 Quaestio
442 2605 510 2672 est',
540 2589 599 2658 uhi
621 2588 664 2656 sit
687 2585 852 2688 Ecclesia?
897 2587 989 2676 Quid
1012 2611 1092 2681 ergo

9 2676 109 2748 acturi
126 2683 260 2744 sumus?
302 2681 341 2743 In
354 2673 463 2744 verhis
479 2673 689 2744 nostris‘eam
706 2675 889 2767 quaesrturi
905 2699 1029 2758 sumus,
1049 2699 1095 2744 an

9 2789 21 2830 1
40 2761 151 2829 verbis
167 2759 345 2914 capitis'sui
360 2759 710 2857 Domininostri‘Jesn
725 2757 874 2828 Christi?
903 2777 985 2855 puto
1001 2760 1096 2854 quod

9 2875 23 2915 r
38 2845 131 2915 illius
146 2871 202 2913 ver
225 2845 254 2914 is
266 2851 424 2938 quaerere
441 2848 608 2928 dehemus,
621 2851 691 2944 'qut
705 2844 822 2912 veritas
838 2860 899 2927 est,
921 2861 955 2913 et
969 2846 1093 2945 optime

14 2931 85 3000 orit
100 2955 217 3024 corpus
234 2953 340 2998 suum.
363 2929 526 3003 'Proinde
539 2955 607 3000 non
620 2930 811 3034 perturbent
822 2948 881 3003 nus.
895 2929 1018 3021 jodicra
1031 2929 1093 2997 ad·-
1181 2962 1191 2977 =

10 3015 234 3098 ruariorum,
265 3039 339 3083 curn
357 3014 518 3086 humanas
541 3015 714 3109 opinrones
736 3013 1093 3104 eontraEvangeliurn,

11 3115 104 3168 ontra
130 3097 357 3167 auctoritatem
387 3103 592 3170 sanctorum'.
609 3103 768 3198 Patrnnr'²
804 3097 924 3192 quiin
945 3097 1107 3168 Ecclesia·

11 3183 210 3279 rripserunt‚
240 3197 353 3254 contra
366 3184 497 3281 piarum
515 3185 676 3258 mentium
695 3183 881 3254 te'strmonia
903 3183 1093 3255 defendunt.

291 3411 417 3508 -VDe
458 3399 742 3497 Ecclesia.
780 3441 798 3472 ,-

76 3611 320 3682 SEP'l'lMUM
344 3611 618 3681 ARTICUEUM
647 3611 977 3698 CONFESSIONIS
1004 3611 1094 3684 NO-

14 3697 141 3763 *Thau
164 3695 413 3780 damnaverunt,
434 3695 470 3764 in
487 3695 712 3790 quodixim‘us
727 3696 906 3766 Ecclesiam
919 3689 993 3766 'e'sse
1011 3713 1095 3768 eon-
1120 3713 1123 3718 '

14 3779 211 3868 regationenr
228 3797 424 3862 sanctorum.
462 3783 511 3859 Et
523 3779 721 3851 addiderunt
731 3782 865 3874 longam
881 3781 1097 3859 declamatio·
1150 3807 1153 3812 ·

17 3887 90 3946 em,
118 3865 208 3957 quod
221 3863 302 3954 puali
317 3890 385 3937 non
400 3865 466 3936 sint
483 3867 523 3936 ah
538 3865 686 3937 Ecclesia
699 3865 911 3960 segregandi,
941 3889 1018 3936 curn
1029 3871 1099 3940 Jo-'
1129 3905 1131 3912 s

16 3971 120 4016 annes
145 3970 215 4018 corn
240 3950 383 4020 araverit
402 3948 583 4022 Ecclesiam
608 3973 719 4036 arcae,
750 3950 785 4020 in
804 3950 1039 4046 quatriticum
1063 3965 1101 4022 et

15 4033 111 4103 aleae·
124 3975 239 4132 singul
240 4051 428 4106 coacervata
442 4035 525 4120 sint,
554 4053 588 4106 et
601 4036 753 4135 Christus
766 4034 1002 4132 comparaverit
1022 4057 1102 4106 eam'

16 4141 150 4209 egenae,
171 4143 208 4185 tn
223 4143 290 4212 qua
302 4122 408 4216 pisces
422 4118 501 4192 honi
515 4138 548 4191 et
562 4120 641 4190 malr
657 4127 744 4204 sunt,
766 4137 824 4191 etc.
868 4121 1021 4192 Proiecto
1035 4146 1096 4190 ve-

16 4231 68 4272 um
90 4215 158 4286 est,-
198 4204 288 4298 quod
315 4207 431 4297 ajuntt
482 4207 625 4276 Nullum
647 4205 831 4276 remedium
855 4229 924 4276 esse
940 4208 1103 4300 adverntn

18 4288 223 4386 yeophantae
238 4311 397 4362 morsum.
439 4291 623 4364 nihilum
641 4291 870 4386 circumspecte
891 4289 956 4389 diei
1000 4305 1096 4376 ateste
