2564 4902
53 1245 74 1322 κ·
134 1195 420 1346 nnnvrs
476 1191 1005 1360 interne-10.»
1080 1247 1082 1256 ’
1145 1323 1150 1336 .

1009 1453 1013 1462 “
1059 1471 1068 1502 t

464 1552 632 1572 m

16 1759 188 1893 Praesentis
205 1791 308 1888 liujus
322 1793 474 1890 opusculi
488 1777 675 1868 sermenem
696 1793 787 1866 haud
806 1794 872 1866 alio
898 1793 1010 1876 animo
1025 1791 1096 1864 ela·
1164 1809 1169 1826 ·
1210 1812 1215 1820 ·

13 1873 197 1963 loranmus,
232 1905 331 1975 quarn
351 1896 389 1950 ut
405 1897 490 1952 esset
503 1881 665 1952 institutio
689 1906 873 1978 puerorum·
894 1896 992 1976 atque
1013 1879 1097 1950 sim-

13 1962 138 2060 plicium.
185 1964 274 2036 Hinc
297 1965 386 2061 apud
415 1983 538 2037 veteres
564 1964 678 2066 lingua
711 1968 837 2042 Graeca
868 1965 1096 2036 Catechistnus

15 2049 102 2117 (lictus
119 2067 174 2134 est,
221 2075 349 2140 naevox
364 2051 525 2146 puerilem
538 2050 779 2136 institutionem
795 2051 965 2142 significat.
1008 2053 1099 2122 Haec
1145 2071 1150 2078 ’

13 2155 75 2203 vero
89 2135 187 2206 cnivis
234 2133 469 2206 hristianorurn
486 2137 667 2207 necessario
684 2137 779 2206 debet
793 2162 862 2205 esse
876 2151 1048 2230 perspecta
1063 2150 1126 2222 ets

13 2217 137 2309 cognita,
167 2224 213 2292 ita
235 2236 276 2312 ut
294 2221 324 2290 si
348 2223 423 2316 qriis
445 2220 545 2314 hujus
564 2220 782 2314 cognitionem
806 2247 873 2290 non
897 2221 1033 2304 haheat,
1057 2219 1094 2289 in

13 2302 446 2378 Christianorumnumerum
459 2307 575 2377 merito
593 2333 660 2376 non
678 2309 722 2375 sit
747 2305 937 2374 referendus
986 2329 1095 2397 neque
1171 2317 1177 2332 ⁴

12 2388 46 2456 ad
61 2395 342 2462 sacramentorum
355 2389 879 2488 participationemadmittendus.
922 2357 1095 2477 &remacl-

13 2473 131 2546 modum
146 2477 257 2573 opifex
275 2477 444 2573 quispiam
466 2475 677 2562 manuarias,
709 2475 768 2570 qui
790 2473 871 2543 artis
894 2491 950 2544 aut
974 2471 1095 2568 opificii

14 2561 218 2631 sulcationem
230 2579 263 2631 et
278 2587 374 2632 usum
390 2587 457 2632 non
475 2561 586 2648 callet,
616 2561 691 2658 jure
711 2559 836 2658 optimo
854 2560 1095 2657 reprobandus,

13 2657 37 2711 ct
48 2645 167 2746 mininri
180 2647 281 2746 pretii
297 2647 476 2734 habendus,
514 2657 523 2674 '¹
845 2661 849 2672 “
1066 2655 1068 2666 ’

27 2898 33 2913 ,
84 2821 292 2916 Quapropter
305 2817 418 2914 pueris
438 2812 585 2906 articuli,
607 2817 652 2891 ad
665 2815 915 2900 Catetlrismunr
934 2839 991 2885 sen
1030 2840 1092 2886 ue-
1163 2835 1165 2840 ’

12 2900 90 2971 nlem
119 2903 359 2984 institutionem
389 2903 606 3001 pertinentes,
642 2929 781 2975 summo*
803 2905 911 2972 studio
943 2919 991 2971 tra
1016 2900 1093 2971 endi
1172 2917 1174 2922 '

12 2995 82 3070 sn'nt,
102 2986 199 3081 inque
212 2989 294 3079 ipsis
305 3013 372 3058 non
388 2987 533 3089 segniter
544 2989 719 3057 exercenda
734 2989 912 3061 eorundem
921 2985 1093 3056 industria.

12 3071 76 3140 lnde
97 3073 200 3163 fidelis
226 3099 265 3142 ac
283 3071 724 3167 vigilantrspatrisfamilias
746 3073 892 3142 officium
914 3071 1032 3163 e'xig'it,
1055 3086 1093 3140 ut

11 3179 58 3248 pec
68 3156 302 3230 hebdomadam
321 3158 557 3228 administrum
574 3157 676 3228 semel
692 3157 806 3228 habito
832 3155 981 3226 examine
1003 3153 1093 3224 libc-

10 3262 107 3310 rorum
122 3267 158 3314 ac
171 3243 321 3314 familiae
333 3243 518 3341 periculum
532 3242 650 3327 iaciat,
681 3267 719 3312 ac
731 3242 866 3312 audiens
890 3257 1092 3340 exacte-per-

12 3323 122 3423 quirat,
144 3329 225 3424 quid
239 3328 326 3398 hisce
343 3329 383 3398 tle
404 3330 501 3398 rebus
517 3327 706 3418 intelligant
719 3344 776 3416 aut
792 3323 984 3412 didicerint,
1038 3324 1092 3423 pi·

10 3405 59 3477 hus
71 3413 246 3504 ignoratis,
267 3413 398 3495 eosdem
417 3415 502 3484 serio
518 3429 551 3484 et
576 3411 716 3503 graviter
738 3439 796 3496 eo,
816 3429 855 3487 ut
876 3411 940 3480 ista
960 3351 1100 3509 perlis?

10 3511 84 3576 cant,
104 3499 222 3592 adigat.
264 3499 372 3568 Probe
388 3497 477 3566 enim
491 3497 717 3583 commemini,
735 3515 833 3592 atque
848 3493 929 3568 adeo
946 3495 1093 3590 quotidie
1151 3575 1153 3584 s
1207 3489 1212 3509 κ’

10 3571 61 3648 hoe
71 3579 175 3682 ipsum
188 3609 251 3652 usu
267 3580 378 3652 venire
391 3583 560 3662 videmus,
583 3600 621 3652 ut
642 3583 854 3678 usqueradeo
877 3581 971 3650 tardo
993 3597 1026 3649 at
1050 3605 1094 3650 ue

10 3655 100 3736 hebeti
115 3667 244 3740 invenio
259 3669 466 3740 inveniantur
479 3666 652 3751 homines,
673 3669 807 3762 jamque
826 3683 906 3736 natu
955 3689 1013 3736 ran
1052 3691 1093 3734 o-
1121 3733 1123 3743 ,

12 3769 68 3844 τοᾷ,
116 3723 210 3822 nlius
229 3753 291 3824 hac
314 3754 354 3823 de
377 3751 511 3822 cenibil
537 3769 674 3847 prorsus
694 3753 906 3846 compertum'
924 3693 1007 3838 linit,
1034 3765 1093 3821 aut

11 3847 99 3904 cnam·
131 3838 204 3908 odie
220 3849 368 3922 teneant,
391 3863 580 3944 quanquam
604 3836 709 3906 nihilo
734 3839 837 3914 secius
860 3841 1092 3908 sacramento·

11 3939 74 3986 rum
92 3923 258 3993 nobiscum
281 3925 361 3996 fiant
382 3922 575 4024 participes,
608 3921 827 4017 omnibusque
855 3920 926 3990 illis
947 3936 1092 4004 utantur,

11 4013 80 4092 quae
98 4007 300 4101 peculiariter
321 4005 519 4083 Christianis
540 4009 661 4076 utenda
682 4008 758 4077 data
781 4024 813 4078 et
832 4005 986 4076 instituta
1004 4019 1094 4100 sunt,

11 4108 73 4155 tuni
91 4107 198 4177 tamen
218 4093 261 4178 ii,
301 4091 359 4190 qui
379 4097 664 4164 Sacramentorum
688 4117 786 4162 usum
816 4089 882 4162 sihi
902 4087 1092 4172 vendicant,
1188 4099 1191 4105 '

9 4166 73 4320 plus
87 4174 182 4259 scire,
205 4203 311 4273 neque
328 4203 396 4248 non
409 4177 571 4272 ampliore
588 4177 851 4252 Christianarum
866 4201 977 4246 rerum
995 4173 1094 4246 intel-

22 4259 129 4345 tgentia
144 4263 284 4360 praediti
298 4281 395 4360 atque
412 4263 531 4336 exculti
546 4265 788 4348 condoleant,
810 4283 911 4358 quarn
929 4257 1025 4358 pueri
1036 4274 1095 4330 aut
