<?xml version="1.0" encoding="UTF-8"?>
<!DOCTYPE html PUBLIC "-//W3C//DTD XHTML 1.0 Transitional//EN"
    "http://www.w3.org/TR/xhtml1/DTD/xhtml1-transitional.dtd">
<html xmlns="http://www.w3.org/1999/xhtml" xml:lang="en" lang="en">
 <head>
  <title>
</title>
<meta http-equiv="Content-Type" content="text/html;charset=utf-8" />
  <meta name='ocr-system' content='tesseract 3.04.00' />
  <meta name='ocr-capabilities' content='ocr_page ocr_carea ocr_par ocr_line ocrx_word'/>
</head>
<body>
  <div class='ocr_page' id='page_1' title='image "./librisymbolicie03churgoog/librisymbolicie03churgoog_0415.png"; bbox 0 0 2610 4892; ppageno 0'>
   <div class='ocr_carea' id='block_1_1' title="bbox 58 1177 1272 1287">
    <p class='ocr_par' dir='ltr' id='par_1_1' title="bbox 58 1177 1272 1287">
     <span class='ocr_line' id='line_1_1' title="bbox 58 1177 1272 1287; baseline -0.006 -37"><span class='ocrx_word' id='word_1_1' title='bbox 58 1246 88 1276; x_wconf 40' lang='grc' dir='ltr'><strong>Ι,</strong></span> <span class='ocrx_word' id='word_1_2' title='bbox 110 1253 114 1258; x_wconf 73' lang='grc'><strong>,</strong></span> <span class='ocrx_word' id='word_1_3' title='bbox 218 1177 327 1248; x_wconf 80' lang='lat' dir='ltr'><strong>didam</strong></span> <span class='ocrx_word' id='word_1_4' title='bbox 349 1177 467 1247; x_wconf 84' lang='lat' dir='ltr'><strong>faciem</strong></span> <span class='ocrx_word' id='word_1_5' title='bbox 483 1177 677 1272; x_wconf 66' lang='lat' dir='ltr'><strong>&#39;Baptismus</strong></span> <span class='ocrx_word' id='word_1_6' title='bbox 691 1203 779 1280; x_wconf 83' lang='lat' dir='ltr'><strong>prae</strong></span> <span class='ocrx_word' id='word_1_7' title='bbox 801 1203 836 1248; x_wconf 89' lang='lat' dir='ltr'><strong>se</strong></span> <span class='ocrx_word' id='word_1_8' title='bbox 858 1178 1064 1250; x_wconf 75' lang='lat' dir='ltr'><strong>ferrdsolcat</strong></span> <span class='ocrx_word' id='word_1_9' title='bbox 1086 1195 1181 1287; x_wconf 70' lang='lat' dir='ltr'><strong>atque</strong></span> <span class='ocrx_word' id='word_1_10' title='bbox 1194 1201 1272 1272; x_wconf 85' lang='lat' dir='ltr'><strong>opera,</strong></span> 
     </span>
    </p>
   </div>
   <div class='ocr_carea' id='block_1_2' title="bbox 92 1423 1272 1534">
    <p class='ocr_par' dir='ltr' id='par_1_2' title="bbox 92 1423 1272 1534">
     <span class='ocr_line' id='line_1_2' title="bbox 92 1423 1272 1534; baseline -0.003 -34"><span class='ocrx_word' id='word_1_11' title='bbox 92 1423 97 1434; x_wconf 75' lang='grc'><em>’</em></span> <span class='ocrx_word' id='word_1_12' title='bbox 214 1457 279 1528; x_wconf 88' lang='lat' dir='ltr'><strong>que</strong></span> <span class='ocrx_word' id='word_1_13' title='bbox 292 1437 529 1522; x_wconf 83' lang='lat' dir='ltr'><strong>interrogatus,</strong></span> <span class='ocrx_word' id='word_1_14' title='bbox 559 1431 640 1534; x_wconf 73' lang='lat' dir='ltr'><strong>quid</strong></span> <span class='ocrx_word' id='word_1_15' title='bbox 659 1431 848 1527; x_wconf 79' lang='lat' dir='ltr'><strong>Baptismus</strong></span> <span class='ocrx_word' id='word_1_16' title='bbox 871 1433 938 1504; x_wconf 84' lang='lat' dir='ltr'><strong>sit?</strong></span> <span class='ocrx_word' id='word_1_17' title='bbox 966 1434 1012 1503; x_wconf 87' lang='lat' dir='ltr'><strong>ita</strong></span> <span class='ocrx_word' id='word_1_18' title='bbox 1033 1436 1207 1530; x_wconf 68' lang='lat' dir='ltr'><strong>respondet</strong></span> <span class='ocrx_word' id='word_1_19' title='bbox 1224 1437 1272 1500; x_wconf 83' lang='lat' dir='ltr'><strong>Nu</strong></span> 
     </span>
    </p>
   </div>
   <div class='ocr_carea' id='block_1_3' title="bbox 51 2533 1274 2638">
    <p class='ocr_par' dir='ltr' id='par_1_3' title="bbox 51 2533 1274 2638">
     <span class='ocr_line' id='line_1_3' title="bbox 51 2533 1274 2638; baseline 0.003 -39"><span class='ocrx_word' id='word_1_20' title='bbox 51 2609 55 2616; x_wconf 26' lang='grc' dir='ltr'><em>Ι</em></span> <span class='ocrx_word' id='word_1_21' title='bbox 126 2563 130 2568; x_wconf 61' lang='grc'>’</span> <span class='ocrx_word' id='word_1_22' title='bbox 171 2533 592 2638; x_wconf 36' lang='grc' dir='ltr'><strong>,ρατιίβιιεζαᾳιιαωοεεο</strong></span> <span class='ocrx_word' id='word_1_23' title='bbox 609 2542 750 2635; x_wconf 71' lang='lat' dir='ltr'><strong>aquam?</strong></span> <span class='ocrx_word' id='word_1_24' title='bbox 794 2541 872 2626; x_wconf 82' lang='lat' dir='ltr'><strong>Qua</strong></span> <span class='ocrx_word' id='word_1_25' title='bbox 884 2563 962 2608; x_wconf 88' lang='lat' dir='ltr'><strong>vere</strong></span> <span class='ocrx_word' id='word_1_26' title='bbox 978 2541 1087 2610; x_wconf 82' lang='lat' dir='ltr'><strong>fronte</strong></span> <span class='ocrx_word' id='word_1_27' title='bbox 1099 2556 1144 2610; x_wconf 83' lang='lat' dir='ltr'><strong>tu·</strong></span> <span class='ocrx_word' id='word_1_28' title='bbox 1154 2540 1210 2609; x_wconf 79' lang='lat' dir='ltr'><strong>tibi</strong></span> <span class='ocrx_word' id='word_1_29' title='bbox 1225 2555 1274 2606; x_wconf 88' lang='lat' dir='ltr'><strong>tan-</strong></span> 
     </span>
    </p>
   </div>
   <div class='ocr_carea' id='block_1_4' title="bbox 41 3723 1272 3831">
    <p class='ocr_par' dir='ltr' id='par_1_4' title="bbox 41 3723 1272 3831">
     <span class='ocr_line' id='line_1_4' title="bbox 41 3723 1272 3831; baseline 0.034 -47"><span class='ocrx_word' id='word_1_30' title='bbox 41 3771 44 3784; x_wconf 90' lang='lat'><em>.</em></span> <span class='ocrx_word' id='word_1_31' title='bbox 91 3757 92 3764; x_wconf 44' lang='lat'>1</span> <span class='ocrx_word' id='word_1_32' title='bbox 161 3729 165 3735; x_wconf 80' lang='grc'><strong>’</strong></span> <span class='ocrx_word' id='word_1_33' title='bbox 197 3725 304 3794; x_wconf 86' lang='lat' dir='ltr'><strong>benda</strong></span> <span class='ocrx_word' id='word_1_34' title='bbox 319 3743 351 3796; x_wconf 93' lang='lat' dir='ltr'><strong>et</strong></span> <span class='ocrx_word' id='word_1_35' title='bbox 365 3725 458 3801; x_wconf 83' lang='lat' dir='ltr'><strong>dicen</strong></span> <span class='ocrx_word' id='word_1_36' title='bbox 481 3748 501 3794; x_wconf 85' lang='lat' dir='ltr'><strong>a</strong></span> <span class='ocrx_word' id='word_1_37' title='bbox 521 3739 584 3792; x_wconf 82' lang='lat' dir='ltr'><strong>est:</strong></span> <span class='ocrx_word' id='word_1_38' title='bbox 609 3724 736 3819; x_wconf 87' lang='lat' dir='ltr'><strong>hocque</strong></span> <span class='ocrx_word' id='word_1_39' title='bbox 758 3751 827 3796; x_wconf 89' lang='lat' dir='ltr'><strong>non</strong></span> <span class='ocrx_word' id='word_1_40' title='bbox 848 3727 912 3797; x_wconf 89' lang='lat' dir='ltr'><strong>nisi</strong></span> <span class='ocrx_word' id='word_1_41' title='bbox 939 3731 1030 3822; x_wconf 79' lang='lat' dir='ltr'><strong>verbi</strong></span> <span class='ocrx_word' id='word_1_42' title='bbox 1056 3737 1187 3831; x_wconf 69' lang='lat' dir='ltr'><strong>g&#39;ratfflv,</strong></span> <span class='ocrx_word' id='word_1_43' title='bbox 1206 3723 1272 3824; x_wconf 81' lang='lat' dir='ltr'><strong>l¹¹⁰d</strong></span> 
     </span>
    </p>
   </div>
   <div class='ocr_carea' id='block_1_5' title="bbox 81 4148 1270 4255">
    <p class='ocr_par' dir='ltr' id='par_1_5' title="bbox 81 4148 1270 4255">
     <span class='ocr_line' id='line_1_5' title="bbox 81 4148 1270 4255; baseline -0.001 -34"><span class='ocrx_word' id='word_1_44' title='bbox 81 4183 83 4191; x_wconf 40' lang='lat' dir='ltr'><em>s</em></span> <span class='ocrx_word' id='word_1_45' title='bbox 136 4212 137 4216; x_wconf 67' lang='grc'>,</span> <span class='ocrx_word' id='word_1_46' title='bbox 195 4168 298 4221; x_wconf 78' lang='lat' dir='ltr'><strong>menti</strong></span> <span class='ocrx_word' id='word_1_47' title='bbox 312 4148 569 4247; x_wconf 78' lang='lat' dir='ltr'><strong>appellationem</strong></span> <span class='ocrx_word' id='word_1_48' title='bbox 583 4167 764 4235; x_wconf 88' lang='lat' dir='ltr'><strong>mereatur,</strong></span> <span class='ocrx_word' id='word_1_49' title='bbox 792 4155 1070 4255; x_wconf 78' lang='lat' dir='ltr'><strong>quemadmodum</strong></span> <span class='ocrx_word' id='word_1_50' title='bbox 1090 4171 1210 4226; x_wconf 86' lang='lat' dir='ltr'><strong>sanctus</strong></span> <span class='ocrx_word' id='word_1_51' title='bbox 1232 4163 1270 4216; x_wconf 80' lang='lat' dir='ltr'><strong>ct-</strong></span> 
     </span>
    </p>
   </div>
   <div class='ocr_carea' id='block_1_6' title="bbox 151 219 1289 422">
    <p class='ocr_par' dir='ltr' id='par_1_6' title="bbox 151 219 1289 422">
     <span class='ocr_line' id='line_1_6' title="bbox 1288 219 1289 248; baseline 0 0"><span class='ocrx_word' id='word_1_52' title='bbox 1288 219 1289 248; x_wconf 59' lang='lat' dir='ltr'><strong>r</strong></span> 
     </span>
     <span class='ocr_line' id='line_1_7' title="bbox 151 284 961 422; baseline 0.005 -36"><span class='ocrx_word' id='word_1_53' title='bbox 151 345 154 350; x_wconf 91' lang='lat'><em>·</em></span> <span class='ocrx_word' id='word_1_54' title='bbox 218 284 324 422; x_wconf 34' lang='lat'><strong>41⁸2</strong></span> <span class='ocrx_word' id='word_1_55' title='bbox 385 309 388 318; x_wconf 70' lang='grc'>’</span> <span class='ocrx_word' id='word_1_56' title='bbox 487 285 489 292; x_wconf 70' lang='lat'><em>,</em></span> <span class='ocrx_word' id='word_1_57' title='bbox 559 297 812 390; x_wconf 79' lang='lat' dir='ltr'><strong>catechismus</strong></span> <span class='ocrx_word' id='word_1_58' title='bbox 830 320 961 418; x_wconf 84' lang='lat' dir='ltr'><strong>major.</strong></span> 
     </span>
    </p>
   </div>
   <div class='ocr_carea' id='block_1_7' title="bbox 214 496 1271 1192">
    <p class='ocr_par' dir='ltr' id='par_1_7' title="bbox 214 496 1271 1192">
     <span class='ocr_line' id='line_1_8' title="bbox 215 496 1270 593; baseline 0.001 -25"><span class='ocrx_word' id='word_1_59' title='bbox 215 496 452 577; x_wconf 79' lang='lat' dir='ltr'><strong>monachorum</strong></span> <span class='ocrx_word' id='word_1_60' title='bbox 468 520 584 590; x_wconf 85' lang='lat' dir='ltr'><strong>opera,</strong></span> <span class='ocrx_word' id='word_1_61' title='bbox 606 499 815 593; x_wconf 76' lang='lat' dir='ltr'><strong>quantumvis</strong></span> <span class='ocrx_word' id='word_1_62' title='bbox 832 499 984 584; x_wconf 80' lang='lat' dir='ltr'><strong>nitentia,</strong></span> <span class='ocrx_word' id='word_1_63' title='bbox 1006 499 1051 574; x_wconf 80' lang='lat' dir='ltr'><strong>‚in</strong></span> <span class='ocrx_word' id='word_1_64' title='bbox 1067 525 1163 570; x_wconf 86' lang='lat' dir='ltr'><strong>unum</strong></span> <span class='ocrx_word' id='word_1_65' title='bbox 1181 499 1270 572; x_wconf 77' lang='lat' dir='ltr'><strong>canu</strong></span> 
     </span>
     <span class='ocr_line' id='line_1_9' title="bbox 217 582 1271 679; baseline -0.003 -25"><span class='ocrx_word' id='word_1_66' title='bbox 217 582 524 667; x_wconf 68' lang='lat' dir='ltr'><strong>ercammarum,</strong></span> <span class='ocrx_word' id='word_1_67' title='bbox 546 609 653 679; x_wconf 88' lang='lat' dir='ltr'><strong>neque</strong></span> <span class='ocrx_word' id='word_1_68' title='bbox 670 599 779 654; x_wconf 83' lang='lat' dir='ltr'><strong>tamen</strong></span> <span class='ocrx_word' id='word_1_69' title='bbox 797 600 862 654; x_wconf 86' lang='lat' dir='ltr'><strong>tam</strong></span> <span class='ocrx_word' id='word_1_70' title='bbox 876 584 1019 679; x_wconf 88' lang='lat' dir='ltr'><strong>pretiosa</strong></span> <span class='ocrx_word' id='word_1_71' title='bbox 1037 584 1177 655; x_wconf 83' lang='lat' dir='ltr'><strong>habenda</strong></span> <span class='ocrx_word' id='word_1_72' title='bbox 1188 586 1271 664; x_wconf 80' lang='lat' dir='ltr'><strong>forent</strong></span> 
     </span>
     <span class='ocr_line' id='line_1_10' title="bbox 242 667 1270 765; baseline 0.002 -29"><span class='ocrx_word' id='word_1_73' title='bbox 242 667 359 737; x_wconf 89' lang='lat' dir='ltr'><strong>namsi</strong></span> <span class='ocrx_word' id='word_1_74' title='bbox 377 674 469 737; x_wconf 87' lang='lat' dir='ltr'><strong>Deus</strong></span> <span class='ocrx_word' id='word_1_75' title='bbox 482 683 611 738; x_wconf 82' lang='lat' dir='ltr'><strong>&#39;tanturn</strong></span> <span class='ocrx_word' id='word_1_76' title='bbox 626 667 895 765; x_wconf 70' lang='lat' dir='ltr'><strong>stipulam‹humo</strong></span> <span class='ocrx_word' id='word_1_77' title='bbox 912 671 1091 740; x_wconf 78' lang='lat' dir='ltr'><strong>sustulerit.</strong></span> <span class='ocrx_word' id='word_1_78' title='bbox 1131 670 1211 762; x_wconf 78' lang='lat' dir='ltr'><strong>Quid</strong></span> <span class='ocrx_word' id='word_1_79' title='bbox 1227 673 1270 738; x_wconf 80' lang='lat' dir='ltr'><strong>ital</strong></span> 
     </span>
     <span class='ocr_line' id='line_1_11' title="bbox 216 695 1270 850; baseline 0 -28"><span class='ocrx_word' id='word_1_80' title='bbox 216 695 413 848; x_wconf 58' lang='lat' dir='ltr'><strong>dropterea,</strong></span> <span class='ocrx_word' id='word_1_81' title='bbox 441 753 533 846; x_wconf 84' lang='lat' dir='ltr'><strong>quod</strong></span> <span class='ocrx_word' id='word_1_82' title='bbox 555 759 695 846; x_wconf 83' lang='lat' dir='ltr'><strong>persona</strong></span> <span class='ocrx_word' id='word_1_83' title='bbox 718 751 863 824; x_wconf 77' lang='lat' dir='ltr'>nobilior</span> <span class='ocrx_word' id='word_1_84' title='bbox 882 770 950 836; x_wconf 85' lang='lat' dir='ltr'><strong>est,</strong></span> <span class='ocrx_word' id='word_1_85' title='bbox 979 775 1076 850; x_wconf 86' lang='lat' dir='ltr'><strong>atque</strong></span> <span class='ocrx_word' id='word_1_86' title='bbox 1095 754 1270 825; x_wconf 72' lang='lat' dir='ltr'><strong>excellentior.</strong></span> 
     </span>
     <span class='ocr_line' id='line_1_12' title="bbox 215 836 1271 934; baseline 0.001 -27"><span class='ocrx_word' id='word_1_87' title='bbox 215 843 294 907; x_wconf 90' lang='lat' dir='ltr'><strong>Jam</strong></span> <span class='ocrx_word' id='word_1_88' title='bbox 309 861 385 906; x_wconf 86' lang='lat' dir='ltr'><strong>vero</strong></span> <span class='ocrx_word' id='word_1_89' title='bbox 398 837 462 908; x_wconf 89' lang='lat' dir='ltr'><strong>hoc</strong></span> <span class='ocrx_word' id='word_1_90' title='bbox 478 836 551 906; x_wconf 90' lang='lat' dir='ltr'><strong>loco</strong></span> <span class='ocrx_word' id='word_1_91' title='bbox 565 843 711 932; x_wconf 79' lang='lat' dir='ltr'><strong>persona</strong></span> <span class='ocrx_word' id='word_1_92' title='bbox 725 853 935 934; x_wconf 80' lang='lat' dir='ltr'><strong>nequaquam</strong></span> <span class='ocrx_word' id='word_1_93' title='bbox 947 842 1040 932; x_wconf 81' lang='lat' dir='ltr'><strong>juxta</strong></span> <span class='ocrx_word' id='word_1_94' title='bbox 1057 865 1170 934; x_wconf 87' lang='lat' dir='ltr'><strong>opera,</strong></span> <span class='ocrx_word' id='word_1_95' title='bbox 1192 865 1271 908; x_wconf 85' lang='lat' dir='ltr'><strong>vernn</strong></span> 
     </span>
     <span class='ocr_line' id='line_1_13' title="bbox 216 922 1271 1021; baseline -0.004 -26"><span class='ocrx_word' id='word_1_96' title='bbox 216 947 321 1021; x_wconf 36' lang='lat' dir='ltr'><strong>opera,</strong></span> <span class='ocrx_word' id='word_1_97' title='bbox 339 925 434 1016; x_wconf 81' lang='lat' dir='ltr'><strong>juxta</strong></span> <span class='ocrx_word' id='word_1_98' title='bbox 447 935 618 1016; x_wconf 81' lang='lat' dir='ltr'><strong>personam</strong></span> <span class='ocrx_word' id='word_1_99' title='bbox 637 922 837 992; x_wconf 87' lang='lat' dir='ltr'><strong>aestimanda</strong></span> <span class='ocrx_word' id='word_1_100' title='bbox 856 941 959 1007; x_wconf 75' lang='lat' dir='ltr'><strong>errat,</strong></span> <span class='ocrx_word' id='word_1_101' title='bbox 989 939 1009 994; x_wconf 83' lang='lat' dir='ltr'><strong>a‘</strong></span> <span class='ocrx_word' id='word_1_102' title='bbox 1032 949 1096 1020; x_wconf 84' lang='lat' dir='ltr'><strong>qua</strong></span> <span class='ocrx_word' id='word_1_103' title='bbox 1121 925 1271 1014; x_wconf 75' lang='lat' dir='ltr'><strong>dignitatern</strong></span> 
     </span>
     <span class='ocr_line' id='line_1_14' title="bbox 214 1008 1271 1112; baseline -0.002 -34"><span class='ocrx_word' id='word_1_104' title='bbox 214 1024 408 1078; x_wconf 82' lang='lat' dir='ltr'><strong>mutuantur</strong></span> <span class='ocrx_word' id='word_1_105' title='bbox 422 1023 453 1076; x_wconf 87' lang='lat' dir='ltr'><strong>et</strong></span> <span class='ocrx_word' id='word_1_106' title='bbox 471 1008 625 1100; x_wconf 84' lang='lat' dir='ltr'><strong>pretium.</strong></span> <span class='ocrx_word' id='word_1_107' title='bbox 643 1015 647 1022; x_wconf 84' lang='grc'><strong>’</strong></span> <span class='ocrx_word' id='word_1_108' title='bbox 670 1013 797 1076; x_wconf 87' lang='lat' dir='ltr'><strong>Verum</strong></span> <span class='ocrx_word' id='word_1_109' title='bbox 815 1008 869 1080; x_wconf 88' lang='lat' dir='ltr'><strong>hic</strong></span> <span class='ocrx_word' id='word_1_110' title='bbox 882 1008 998 1079; x_wconf 82' lang='lat' dir='ltr'><strong>insana</strong></span> <span class='ocrx_word' id='word_1_111' title='bbox 1015 1010 1101 1080; x_wconf 89' lang='lat' dir='ltr'><strong>ratio</strong></span> <span class='ocrx_word' id='word_1_112' title='bbox 1110 1032 1271 1112; x_wconf 75' lang='lat' dir='ltr'><strong>perversore</strong></span> 
     </span>
     <span class='ocr_line' id='line_1_15' title="bbox 214 1091 1271 1192; baseline -0.003 -31"><span class='ocrx_word' id='word_1_113' title='bbox 214 1108 421 1192; x_wconf 81' lang='lat' dir='ltr'><strong>praepostere</strong></span> <span class='ocrx_word' id='word_1_114' title='bbox 438 1091 587 1184; x_wconf 81' lang='lat' dir='ltr'><strong>judicans</strong></span> <span class='ocrx_word' id='word_1_115' title='bbox 604 1092 651 1161; x_wconf 87' lang='lat' dir='ltr'><strong>ita</strong></span> <span class='ocrx_word' id='word_1_116' title='bbox 670 1091 851 1175; x_wconf 83' lang='lat' dir='ltr'><strong>existimat,</strong></span> <span class='ocrx_word' id='word_1_117' title='bbox 872 1120 947 1163; x_wconf 90' lang='lat' dir='ltr'><strong>cum</strong></span> <span class='ocrx_word' id='word_1_118' title='bbox 962 1121 1029 1166; x_wconf 91' lang='lat' dir='ltr'><strong>nou</strong></span> <span class='ocrx_word' id='word_1_119' title='bbox 1046 1095 1179 1189; x_wconf 77' lang='lat' dir='ltr'><strong>perinde</strong></span> <span class='ocrx_word' id='word_1_120' title='bbox 1192 1092 1271 1187; x_wconf 84' lang='lat' dir='ltr'><strong>splen-</strong></span> 
     </span>
    </p>
   </div>
   <div class='ocr_carea' id='block_1_8' title="bbox 214 1260 1273 1444">
    <p class='ocr_par' dir='ltr' id='par_1_8' title="bbox 214 1260 1273 1444">
     <span class='ocr_line' id='line_1_16' title="bbox 214 1260 1236 1362; baseline 0 -30"><span class='ocrx_word' id='word_1_121' title='bbox 214 1288 299 1360; x_wconf 87' lang='lat' dir='ltr'><strong>quac</strong></span> <span class='ocrx_word' id='word_1_122' title='bbox 314 1260 500 1362; x_wconf 74' lang='lat' dir='ltr'><strong>ipsasaeit,</strong></span> <span class='ocrx_word' id='word_1_123' title='bbox 519 1260 645 1330; x_wconf 87' lang='lat' dir='ltr'><strong>nullius</strong></span> <span class='ocrx_word' id='word_1_124' title='bbox 659 1275 755 1332; x_wconf 82' lang='lat' dir='ltr'><strong>etrani</strong></span> <span class='ocrx_word' id='word_1_125' title='bbox 774 1264 930 1333; x_wconf 84' lang='lat' dir='ltr'><strong>momenti</strong></span> <span class='ocrx_word' id='word_1_126' title='bbox 946 1289 1015 1340; x_wconf 81' lang='lat' dir='ltr'><strong>esse</strong></span> <span class='ocrx_word' id='word_1_127' title='bbox 1033 1271 1236 1362; x_wconf 81' lang='lat' dir='ltr'><strong>Baptismum.</strong></span> 
     </span>
     <span class='ocr_line' id='line_1_17' title="bbox 297 1345 1273 1444; baseline -0.003 -27"><span class='ocrx_word' id='word_1_128' title='bbox 297 1345 411 1417; x_wconf 80' lang='lat' dir='ltr'><strong>Erchrs</strong></span> <span class='ocrx_word' id='word_1_129' title='bbox 428 1349 496 1440; x_wconf 82' lang='lat' dir='ltr'><strong>jam</strong></span> <span class='ocrx_word' id='word_1_130' title='bbox 517 1351 838 1418; x_wconf 87' lang='lat' dir='ltr'><strong>memoratissanum</strong></span> <span class='ocrx_word' id='word_1_131' title='bbox 859 1347 1059 1420; x_wconf 85' lang='lat' dir='ltr'><strong>intellectum</strong></span> <span class='ocrx_word' id='word_1_132' title='bbox 1084 1348 1224 1444; x_wconf 81' lang='lat' dir='ltr'><strong>percipe,</strong></span> <span class='ocrx_word' id='word_1_133' title='bbox 1240 1361 1273 1416; x_wconf 87' lang='lat' dir='ltr'><strong>at·</strong></span> 
     </span>
    </p>
   </div>
   <div class='ocr_carea' id='block_1_9' title="bbox 100 1516 1284 2558">
    <p class='ocr_par' dir='ltr' id='par_1_9' title="bbox 212 1516 1273 1705">
     <span class='ocr_line' id='line_1_18' title="bbox 213 1516 1272 1614; baseline -0.007 -26"><span class='ocrx_word' id='word_1_134' title='bbox 213 1529 281 1588; x_wconf 82' lang='lat' dir='ltr'><strong>esse</strong></span> <span class='ocrx_word' id='word_1_135' title='bbox 293 1533 429 1612; x_wconf 84' lang='lat' dir='ltr'><strong>prorsus</strong></span> <span class='ocrx_word' id='word_1_136' title='bbox 446 1541 565 1610; x_wconf 86' lang='lat' dir='ltr'><strong>aquam</strong></span> <span class='ocrx_word' id='word_1_137' title='bbox 581 1516 782 1612; x_wconf 76' lang='lat' dir='ltr'><strong>simplicem,</strong></span> <span class='ocrx_word' id='word_1_138' title='bbox 810 1519 868 1587; x_wconf 90' lang='lat' dir='ltr'><strong>sed</strong></span> <span class='ocrx_word' id='word_1_139' title='bbox 891 1519 1073 1608; x_wconf 84' lang='lat' dir='ltr'><strong>ejusmodi,</strong></span> <span class='ocrx_word' id='word_1_140' title='bbox 1103 1544 1185 1614; x_wconf 88' lang='lat' dir='ltr'><strong>quae</strong></span> <span class='ocrx_word' id='word_1_141' title='bbox 1204 1517 1272 1586; x_wconf 86' lang='lat' dir='ltr'><strong>rerho</strong></span> 
     </span>
     <span class='ocr_line' id='line_1_19' title="bbox 212 1601 1273 1705; baseline -0.005 -32"><span class='ocrx_word' id='word_1_142' title='bbox 212 1620 245 1673; x_wconf 86' lang='lat' dir='ltr'><strong>et</strong></span> <span class='ocrx_word' id='word_1_143' title='bbox 264 1618 436 1698; x_wconf 86' lang='lat' dir='ltr'><strong>praecepto</strong></span> <span class='ocrx_word' id='word_1_144' title='bbox 451 1601 515 1671; x_wconf 82' lang='lat' dir='ltr'><strong>Ilei</strong></span> <span class='ocrx_word' id='word_1_145' title='bbox 529 1601 818 1705; x_wconf 68' lang='lat' dir='ltr'><strong>comprehensum</strong></span> <span class='ocrx_word' id='word_1_146' title='bbox 836 1601 889 1672; x_wconf 90' lang='lat' dir='ltr'><strong>illi</strong></span> <span class='ocrx_word' id='word_1_147' title='bbox 900 1603 1028 1673; x_wconf 80' lang='lat' dir='ltr'><strong>inclusa</strong></span> <span class='ocrx_word' id='word_1_148' title='bbox 1035 1605 1096 1686; x_wconf 85' lang='lat' dir='ltr'><strong>sit,</strong></span> <span class='ocrx_word' id='word_1_149' title='bbox 1122 1622 1153 1674; x_wconf 90' lang='lat' dir='ltr'><strong>et</strong></span> <span class='ocrx_word' id='word_1_150' title='bbox 1168 1629 1221 1699; x_wconf 87' lang='lat' dir='ltr'><strong>per</strong></span> <span class='ocrx_word' id='word_1_151' title='bbox 1236 1601 1273 1669; x_wconf 85' lang='lat' dir='ltr'><strong>luc</strong></span> 
     </span>
    </p>

    <p class='ocr_par' dir='ltr' id='par_1_10' title="bbox 100 1685 1284 2558">
     <span class='ocr_line' id='line_1_20' title="bbox 170 1685 1272 1790; baseline -0.005 -33"><span class='ocrx_word' id='word_1_152' title='bbox 170 1753 173 1763; x_wconf 91' lang='grc'><em>,</em></span> <span class='ocrx_word' id='word_1_153' title='bbox 211 1688 421 1767; x_wconf 77' lang='lat' dir='ltr'><strong>sanctificata,</strong></span> <span class='ocrx_word' id='word_1_154' title='bbox 438 1689 485 1755; x_wconf 83' lang='lat' dir='ltr'><strong>ita</strong></span> <span class='ocrx_word' id='word_1_155' title='bbox 500 1701 536 1756; x_wconf 90' lang='lat' dir='ltr'><strong>ut</strong></span> <span class='ocrx_word' id='word_1_156' title='bbox 548 1685 632 1756; x_wconf 89' lang='lat' dir='ltr'><strong>nihrl</strong></span> <span class='ocrx_word' id='word_1_157' title='bbox 647 1687 737 1756; x_wconf 83' lang='lat' dir='ltr'><strong>aliud</strong></span> <span class='ocrx_word' id='word_1_158' title='bbox 750 1689 804 1770; x_wconf 83' lang='lat' dir='ltr'><strong>sit,</strong></span> <span class='ocrx_word' id='word_1_159' title='bbox 824 1689 996 1782; x_wconf 84' lang='lat' dir='ltr'><strong>quam&#39;Dei</strong></span> <span class='ocrx_word' id='word_1_160' title='bbox 1012 1715 1070 1758; x_wconf 89' lang='lat' dir='ltr'><strong>seu</strong></span> <span class='ocrx_word' id='word_1_161' title='bbox 1084 1689 1193 1758; x_wconf 84' lang='lat' dir='ltr'><strong>divina</strong></span> <span class='ocrx_word' id='word_1_162' title='bbox 1205 1709 1272 1790; x_wconf 69' lang='lat' dir='ltr'><strong>aqua,</strong></span> 
     </span>
     <span class='ocr_line' id='line_1_21' title="bbox 117 1770 1273 1868; baseline -0.003 -26"><span class='ocrx_word' id='word_1_163' title='bbox 117 1827 119 1848; x_wconf 89' lang='lat'>.</span> <span class='ocrx_word' id='word_1_164' title='bbox 209 1797 277 1842; x_wconf 85' lang='lat' dir='ltr'><strong>nun</strong></span> <span class='ocrx_word' id='word_1_165' title='bbox 302 1771 497 1868; x_wconf 85' lang='lat' dir='ltr'><strong>quod&#39;aqua</strong></span> <span class='ocrx_word' id='word_1_166' title='bbox 517 1770 596 1842; x_wconf 85' lang='lat' dir='ltr'><strong>haec</strong></span> <span class='ocrx_word' id='word_1_167' title='bbox 616 1797 675 1867; x_wconf 86' lang='lat' dir='ltr'><strong>per</strong></span> <span class='ocrx_word' id='word_1_168' title='bbox 692 1797 761 1842; x_wconf 88' lang='lat' dir='ltr'><strong>sese</strong></span> <span class='ocrx_word' id='word_1_169' title='bbox 786 1773 899 1868; x_wconf 65' lang='lat' dir='ltr'><strong>eruaris</strong></span> <span class='ocrx_word' id='word_1_170' title='bbox 922 1772 988 1844; x_wconf 84' lang='lat' dir='ltr'><strong>alia</strong></span> <span class='ocrx_word' id='word_1_171' title='bbox 1010 1774 1052 1844; x_wconf 85' lang='lat' dir='ltr'><strong>sit</strong></span> <span class='ocrx_word' id='word_1_172' title='bbox 1076 1789 1273 1868; x_wconf 76' lang='lat' dir='ltr'><strong>praestantur,</strong></span> 
     </span>
     <span class='ocr_line' id='line_1_22' title="bbox 211 1855 1272 1954; baseline -0.003 -28"><span class='ocrx_word' id='word_1_173' title='bbox 211 1857 371 1950; x_wconf 85' lang='lat' dir='ltr'><strong>sedquod</strong></span> <span class='ocrx_word' id='word_1_174' title='bbox 386 1855 416 1924; x_wconf 88' lang='lat' dir='ltr'><strong>ei</strong></span> <span class='ocrx_word' id='word_1_175' title='bbox 435 1855 571 1926; x_wconf 82' lang='lat' dir='ltr'><strong>verbum</strong></span> <span class='ocrx_word' id='word_1_176' title='bbox 592 1880 630 1926; x_wconf 85' lang='lat' dir='ltr'><strong>ac</strong></span> <span class='ocrx_word' id='word_1_177' title='bbox 650 1875 861 1954; x_wconf 85' lang='lat' dir='ltr'><strong>pracceptum</strong></span> <span class='ocrx_word' id='word_1_178' title='bbox 882 1858 946 1943; x_wconf 87' lang='lat' dir='ltr'><strong>Dei</strong></span> <span class='ocrx_word' id='word_1_179' title='bbox 973 1859 1156 1928; x_wconf 87' lang='lat' dir='ltr'><strong>accesserit.</strong></span> <span class='ocrx_word' id='word_1_180' title='bbox 1205 1862 1272 1943; x_wconf 85' lang='lat' dir='ltr'><strong>Que-</strong></span> 
     </span>
     <span class='ocr_line' id='line_1_23' title="bbox 210 1939 1274 2047; baseline -0.003 -38"><span class='ocrx_word' id='word_1_181' title='bbox 210 1941 296 2026; x_wconf 84' lang='lat' dir='ltr'><strong>eirca</strong></span> <span class='ocrx_word' id='word_1_182' title='bbox 311 1964 402 2012; x_wconf 86' lang='lat' dir='ltr'><strong>mera</strong></span> <span class='ocrx_word' id='word_1_183' title='bbox 418 1939 632 2036; x_wconf 80' lang='lat' dir='ltr'><strong>sycophantia</strong></span> <span class='ocrx_word' id='word_1_184' title='bbox 647 1959 709 2023; x_wconf 83' lang='lat' dir='ltr'><strong>est,</strong></span> <span class='ocrx_word' id='word_1_185' title='bbox 732 1957 764 2012; x_wconf 86' lang='lat' dir='ltr'><strong>et</strong></span> <span class='ocrx_word' id='word_1_186' title='bbox 786 1941 923 2012; x_wconf 86' lang='lat' dir='ltr'><strong>Diaboli</strong></span> <span class='ocrx_word' id='word_1_187' title='bbox 946 1943 1077 2027; x_wconf 85' lang='lat' dir='ltr'><strong>illusio,</strong></span> <span class='ocrx_word' id='word_1_188' title='bbox 1101 1943 1190 2047; x_wconf 79' lang='lat' dir='ltr'><strong>quod</strong></span> <span class='ocrx_word' id='word_1_189' title='bbox 1206 1939 1274 2011; x_wconf 81' lang='lat' dir='ltr'><strong>hodie</strong></span> 
     </span>
     <span class='ocr_line' id='line_1_24' title="bbox 100 2024 1273 2121; baseline -0.003 -28"><span class='ocrx_word' id='word_1_190' title='bbox 100 2105 102 2112; x_wconf 18' lang='grc' dir='ltr'><strong><em>Α</em></strong></span> <span class='ocrx_word' id='word_1_191' title='bbox 135 2041 139 2058; x_wconf 89' lang='grc'>’</span> <span class='ocrx_word' id='word_1_192' title='bbox 208 2026 312 2097; x_wconf 88' lang='lat' dir='ltr'><strong>nostri</strong></span> <span class='ocrx_word' id='word_1_193' title='bbox 326 2024 569 2120; x_wconf 73' lang='lat' dir='ltr'><strong>novispiritus‚</strong></span> <span class='ocrx_word' id='word_1_194' title='bbox 592 2043 628 2096; x_wconf 84' lang='lat' dir='ltr'><strong>ut</strong></span> <span class='ocrx_word' id='word_1_195' title='bbox 652 2025 876 2121; x_wconf 82' lang='lat' dir='ltr'><strong>blasphement</strong></span> <span class='ocrx_word' id='word_1_196' title='bbox 892 2043 924 2118; x_wconf 83' lang='lat' dir='ltr'><strong>et</strong></span> <span class='ocrx_word' id='word_1_197' title='bbox 944 2033 1145 2100; x_wconf 79' lang='lat' dir='ltr'><strong>contumelia</strong></span> <span class='ocrx_word' id='word_1_198' title='bbox 1165 2028 1273 2098; x_wconf 81' lang='lat' dir='ltr'><strong>afficiant</strong></span> 
     </span>
     <span class='ocr_line' id='line_1_25' title="bbox 208 2109 1274 2206; baseline -0.002 -26"><span class='ocrx_word' id='word_1_199' title='bbox 208 2110 436 2206; x_wconf 85' lang='lat' dir='ltr'><strong>Baptismum‚</strong></span> <span class='ocrx_word' id='word_1_200' title='bbox 460 2109 596 2180; x_wconf 81' lang='lat' dir='ltr'><strong>verbum</strong></span> <span class='ocrx_word' id='word_1_201' title='bbox 615 2127 648 2180; x_wconf 89' lang='lat' dir='ltr'><strong>et</strong></span> <span class='ocrx_word' id='word_1_202' title='bbox 670 2111 907 2182; x_wconf 80' lang='lat' dir='ltr'><strong>institutionem</strong></span> <span class='ocrx_word' id='word_1_203' title='bbox 921 2113 988 2196; x_wconf 76' lang='lat' dir='ltr'><strong>Dei</strong></span> <span class='ocrx_word' id='word_1_204' title='bbox 1007 2116 1047 2182; x_wconf 87' lang='lat' dir='ltr'><strong>ab</strong></span> <span class='ocrx_word' id='word_1_205' title='bbox 1073 2141 1115 2184; x_wconf 82' lang='lat' dir='ltr'><strong>eu</strong></span> <span class='ocrx_word' id='word_1_206' title='bbox 1136 2112 1274 2190; x_wconf 87' lang='lat' dir='ltr'><strong>divellunt,</strong></span> 
     </span>
     <span class='ocr_line' id='line_1_26' title="bbox 168 2195 1274 2294; baseline -0.001 -31"><span class='ocrx_word' id='word_1_207' title='bbox 168 2247 173 2254; x_wconf 85' lang='lat'><em>.</em></span> <span class='ocrx_word' id='word_1_208' title='bbox 207 2207 267 2266; x_wconf 79' lang='lat' dir='ltr'><strong>nee</strong></span> <span class='ocrx_word' id='word_1_209' title='bbox 283 2195 374 2265; x_wconf 88' lang='lat' dir='ltr'><strong>aliter</strong></span> <span class='ocrx_word' id='word_1_210' title='bbox 391 2195 559 2264; x_wconf 84' lang='lat' dir='ltr'><strong>intuentur</strong></span> <span class='ocrx_word' id='word_1_211' title='bbox 574 2221 668 2282; x_wconf 85' lang='lat' dir='ltr'><strong>eum,</strong></span> <span class='ocrx_word' id='word_1_212' title='bbox 686 2222 797 2292; x_wconf 34' lang='lat' dir='ltr'><strong>*quam</strong></span> <span class='ocrx_word' id='word_1_213' title='bbox 811 2221 929 2292; x_wconf 85' lang='lat' dir='ltr'><strong>aquarn</strong></span> <span class='ocrx_word' id='word_1_214' title='bbox 944 2224 961 2267; x_wconf 89' lang='lat' dir='ltr'><strong>e</strong></span> <span class='ocrx_word' id='word_1_215' title='bbox 976 2215 1074 2294; x_wconf 88' lang='lat' dir='ltr'><strong>puteo</strong></span> <span class='ocrx_word' id='word_1_216' title='bbox 1092 2199 1243 2280; x_wconf 83' lang='lat' dir='ltr'><strong>haustam,</strong></span> <span class='ocrx_word' id='word_1_217' title='bbox 1253 2219 1274 2262; x_wconf 83' lang='lat' dir='ltr'><strong>ae</strong></span> 
     </span>
     <span class='ocr_line' id='line_1_27' title="bbox 207 2279 1274 2374; baseline -0.002 -23"><span class='ocrx_word' id='word_1_218' title='bbox 207 2281 359 2373; x_wconf 77' lang='lat' dir='ltr'><strong>deinceps</strong></span> <span class='ocrx_word' id='word_1_219' title='bbox 376 2279 420 2348; x_wconf 86' lang='lat' dir='ltr'><strong>ita</strong></span> <span class='ocrx_word' id='word_1_220' title='bbox 439 2279 627 2374; x_wconf 82' lang='lat' dir='ltr'><strong>blasphemo</strong></span> <span class='ocrx_word' id='word_1_221' title='bbox 650 2305 705 2350; x_wconf 91' lang='lat' dir='ltr'><strong>ore</strong></span> <span class='ocrx_word' id='word_1_222' title='bbox 731 2282 908 2351; x_wconf 65' lang='lat' dir='ltr'><strong>blaterant-4</strong></span> <span class='ocrx_word' id='word_1_223' title='bbox 941 2284 1034 2370; x_wconf 82' lang='lat' dir='ltr'><strong>Quid</strong></span> <span class='ocrx_word' id='word_1_224' title='bbox 1057 2311 1138 2354; x_wconf 85' lang='lat' dir='ltr'><strong>vero</strong></span> <span class='ocrx_word' id='word_1_225' title='bbox 1159 2279 1274 2352; x_wconf 77' lang='lat' dir='ltr'><strong>utilitatis</strong></span> 
     </span>
     <span class='ocr_line' id='line_1_28' title="bbox 206 2363 1284 2462; baseline -0.003 -27"><span class='ocrx_word' id='word_1_226' title='bbox 206 2389 325 2438; x_wconf 89' lang='lat' dir='ltr'><strong>manus</strong></span> <span class='ocrx_word' id='word_1_227' title='bbox 343 2387 446 2460; x_wconf 86' lang='lat' dir='ltr'><strong>aquae</strong></span> <span class='ocrx_word' id='word_1_228' title='bbox 460 2363 554 2460; x_wconf 88' lang='lat' dir='ltr'><strong>plena</strong></span> <span class='ocrx_word' id='word_1_229' title='bbox 569 2381 746 2462; x_wconf 87' lang='lat' dir='ltr'><strong>praestaret</strong></span> <span class='ocrx_word' id='word_1_230' title='bbox 760 2367 912 2444; x_wconf 71' lang='lat' dir='ltr'><strong>animae?</strong></span> <span class='ocrx_word' id='word_1_231' title='bbox 934 2368 1020 2455; x_wconf 83' lang='lat' dir='ltr'><strong>Quis</strong></span> <span class='ocrx_word' id='word_1_232' title='bbox 1043 2395 1123 2438; x_wconf 86' lang='lat' dir='ltr'><strong>vero</strong></span> <span class='ocrx_word' id='word_1_233' title='bbox 1147 2371 1222 2438; x_wconf 85' lang='lat' dir='ltr'><strong>adeo</strong></span> <span class='ocrx_word' id='word_1_234' title='bbox 1239 2391 1284 2433; x_wconf 54' lang='lat' dir='ltr'><strong>rea</strong></span> 
     </span>
     <span class='ocr_line' id='line_1_29' title="bbox 194 2447 1275 2558; baseline -0.005 -37"><span class='ocrx_word' id='word_1_235' title='bbox 194 2476 280 2523; x_wconf 53' lang='lat' dir='ltr'><strong>‘cors</strong></span> <span class='ocrx_word' id='word_1_236' title='bbox 296 2466 329 2520; x_wconf 89' lang='lat' dir='ltr'><strong>et</strong></span> <span class='ocrx_word' id='word_1_237' title='bbox 342 2449 438 2542; x_wconf 86' lang='lat' dir='ltr'><strong>inops</strong></span> <span class='ocrx_word' id='word_1_238' title='bbox 450 2449 561 2548; x_wconf 84' lang='lat' dir='ltr'><strong>animi</strong></span> <span class='ocrx_word' id='word_1_239' title='bbox 575 2467 641 2534; x_wconf 83' lang='lat' dir='ltr'><strong>est,</strong></span> <span class='ocrx_word' id='word_1_240' title='bbox 666 2451 723 2546; x_wconf 89' lang='lat' dir='ltr'><strong>qui</strong></span> <span class='ocrx_word' id='word_1_241' title='bbox 739 2456 801 2522; x_wconf 85' lang='lat' dir='ltr'><strong>lroe</strong></span> <span class='ocrx_word' id='word_1_242' title='bbox 814 2451 960 2542; x_wconf 79' lang='lat' dir='ltr'><strong>ignore-t,</strong></span> <span class='ocrx_word' id='word_1_243' title='bbox 984 2453 1123 2524; x_wconf 86' lang='lat' dir='ltr'><strong>divulsis</strong></span> <span class='ocrx_word' id='word_1_244' title='bbox 1144 2447 1275 2558; x_wconf 87' lang='lat' dir='ltr'><strong>Baptisni</strong></span> 
     </span>
    </p>
   </div>
   <div class='ocr_carea' id='block_1_10' title="bbox 163 2620 1275 3747">
    <p class='ocr_par' dir='ltr' id='par_1_11' title="bbox 163 2620 1275 3747">
     <span class='ocr_line' id='line_1_30' title="bbox 187 2620 1274 2730; baseline -0.006 -38"><span class='ocrx_word' id='word_1_245' title='bbox 187 2626 416 2701; x_wconf 77' lang='lat' dir='ltr'><strong>&#39;tumsum1s‚</strong></span> <span class='ocrx_word' id='word_1_246' title='bbox 439 2635 556 2688; x_wconf 83' lang='lat' dir='ltr'><strong>utnon</strong></span> <span class='ocrx_word' id='word_1_247' title='bbox 569 2645 709 2689; x_wconf 82' lang='lat' dir='ltr'><strong>verearis</strong></span> <span class='ocrx_word' id='word_1_248' title='bbox 732 2621 772 2689; x_wconf 91' lang='lat' dir='ltr'><strong>ab</strong></span> <span class='ocrx_word' id='word_1_249' title='bbox 791 2621 997 2695; x_wconf 84' lang='lat' dir='ltr'><strong>ordinatione</strong></span> <span class='ocrx_word' id='word_1_250' title='bbox 1021 2624 1084 2694; x_wconf 87' lang='lat' dir='ltr'><strong>Dei</strong></span> <span class='ocrx_word' id='word_1_251' title='bbox 1107 2620 1274 2730; x_wconf 81' lang='lat' dir='ltr'><strong>pretiosissi-</strong></span> 
     </span>
     <span class='ocr_line' id='line_1_31' title="bbox 204 2703 1274 2794; baseline -0.001 -18"><span class='ocrx_word' id='word_1_252' title='bbox 204 2731 298 2776; x_wconf 87' lang='lat' dir='ltr'><strong>mum</strong></span> <span class='ocrx_word' id='word_1_253' title='bbox 310 2703 475 2794; x_wconf 73' lang='grc' dir='ltr'><em>κειμήλιον</em></span> <span class='ocrx_word' id='word_1_254' title='bbox 489 2703 647 2789; x_wconf 82' lang='lat' dir='ltr'><strong>avellere,</strong></span> <span class='ocrx_word' id='word_1_255' title='bbox 692 2729 735 2776; x_wconf 91' lang='lat' dir='ltr'><strong>uo</strong></span> <span class='ocrx_word' id='word_1_256' title='bbox 751 2711 843 2775; x_wconf 88' lang='lat' dir='ltr'><strong>Deus</strong></span> <span class='ocrx_word' id='word_1_257' title='bbox 857 2731 928 2776; x_wconf 87' lang='lat' dir='ltr'><strong>eam</strong></span> <span class='ocrx_word' id='word_1_258' title='bbox 942 2709 1135 2781; x_wconf 73' lang='lat' dir='ltr'><strong>consuiant</strong></span> <span class='ocrx_word' id='word_1_259' title='bbox 1149 2725 1181 2779; x_wconf 82' lang='lat' dir='ltr'><strong>et</strong></span> <span class='ocrx_word' id='word_1_260' title='bbox 1195 2707 1274 2780; x_wconf 78' lang='lat' dir='ltr'><strong>inelo</strong></span> 
     </span>
     <span class='ocr_line' id='line_1_32' title="bbox 204 2731 1275 2895; baseline -0.002 -35"><span class='ocrx_word' id='word_1_261' title='bbox 204 2789 267 2892; x_wconf 59' lang='grc' dir='ltr'><strong>εἱιξ</strong></span> <span class='ocrx_word' id='word_1_262' title='bbox 285 2815 391 2886; x_wconf 88' lang='lat' dir='ltr'><strong>neque</strong></span> <span class='ocrx_word' id='word_1_263' title='bbox 407 2787 482 2888; x_wconf 88' lang='lat' dir='ltr'><strong>inde</strong></span> <span class='ocrx_word' id='word_1_264' title='bbox 506 2731 711 2888; x_wconf 71' lang='lat' dir='ltr'><strong>divellirdlt</strong></span> <span class='ocrx_word' id='word_1_265' title='bbox 739 2807 796 2860; x_wconf 89' lang='lat' dir='ltr'><strong>aut</strong></span> <span class='ocrx_word' id='word_1_266' title='bbox 817 2793 958 2895; x_wconf 78' lang='lat' dir='ltr'><strong>sejungi.</strong></span> <span class='ocrx_word' id='word_1_267' title='bbox 1011 2797 1150 2894; x_wconf 84' lang='lat' dir='ltr'><strong>Quippe</strong></span> <span class='ocrx_word' id='word_1_268' title='bbox 1172 2795 1275 2865; x_wconf 85' lang='lat' dir='ltr'><strong>rerbun</strong></span> 
     </span>
     <span class='ocr_line' id='line_1_33' title="bbox 203 2875 1274 2986; baseline -0.005 -40"><span class='ocrx_word' id='word_1_269' title='bbox 203 2880 268 2946; x_wconf 84' lang='lat' dir='ltr'><strong>Der</strong></span> <span class='ocrx_word' id='word_1_270' title='bbox 282 2891 342 2945; x_wconf 88' lang='lat' dir='ltr'><strong>aut</strong></span> <span class='ocrx_word' id='word_1_271' title='bbox 366 2890 590 2970; x_wconf 79' lang='lat' dir='ltr'><strong>praeceptum,</strong></span> <span class='ocrx_word' id='word_1_272' title='bbox 620 2891 699 2946; x_wconf 87' lang='lat' dir='ltr'><strong>rtem</strong></span> <span class='ocrx_word' id='word_1_273' title='bbox 720 2899 841 2946; x_wconf 85' lang='lat' dir='ltr'><strong>nomen</strong></span> <span class='ocrx_word' id='word_1_274' title='bbox 855 2882 928 2947; x_wconf 75' lang='lat' dir='ltr'><strong>‘Der</strong></span> <span class='ocrx_word' id='word_1_275' title='bbox 956 2881 992 2945; x_wconf 87' lang='lat' dir='ltr'><strong>in</strong></span> <span class='ocrx_word' id='word_1_276' title='bbox 1014 2903 1101 2976; x_wconf 83' lang='lat' dir='ltr'><strong>aqua</strong></span> <span class='ocrx_word' id='word_1_277' title='bbox 1130 2875 1200 2986; x_wconf 88' lang='lat' dir='ltr'><strong>ipse</strong></span> <span class='ocrx_word' id='word_1_278' title='bbox 1217 2876 1274 2948; x_wconf 85' lang='lat' dir='ltr'><strong>solet</strong></span> 
     </span>
     <span class='ocr_line' id='line_1_34' title="bbox 203 2958 1273 3056; baseline 0.002 -27"><span class='ocrx_word' id='word_1_279' title='bbox 203 2985 273 3032; x_wconf 89' lang='lat' dir='ltr'><strong>esse</strong></span> <span class='ocrx_word' id='word_1_280' title='bbox 286 2958 439 3043; x_wconf 82' lang='lat' dir='ltr'><strong>nucleus,</strong></span> <span class='ocrx_word' id='word_1_281' title='bbox 461 2958 519 3054; x_wconf 90' lang='lat' dir='ltr'><strong>qui</strong></span> <span class='ocrx_word' id='word_1_282' title='bbox 533 2959 703 3030; x_wconf 83' lang='lat' dir='ltr'><strong>thesaurus</strong></span> <span class='ocrx_word' id='word_1_283' title='bbox 719 2960 792 3056; x_wconf 89' lang='lat' dir='ltr'><strong>ipso</strong></span> <span class='ocrx_word' id='word_1_284' title='bbox 806 2959 898 3032; x_wconf 89' lang='lat' dir='ltr'><strong>coelo</strong></span> <span class='ocrx_word' id='word_1_285' title='bbox 914 2970 946 3033; x_wconf 83' lang='lat' dir='ltr'><strong>&#39;ct</strong></span> <span class='ocrx_word' id='word_1_286' title='bbox 963 2967 1213 3042; x_wconf 71' lang='lat' dir='ltr'><strong>terraemotus</strong></span> <span class='ocrx_word' id='word_1_287' title='bbox 1224 2987 1273 3033; x_wconf 83' lang='lat' dir='ltr'><strong>me</strong></span> 
     </span>
     <span class='ocr_line' id='line_1_35' title="bbox 195 3043 998 3138; baseline 0.001 -24"><span class='ocrx_word' id='word_1_288' title='bbox 195 3043 254 3116; x_wconf 58' lang='lat' dir='ltr'><strong>„dis</strong></span> <span class='ocrx_word' id='word_1_289' title='bbox 267 3045 414 3117; x_wconf 86' lang='lat' dir='ltr'><strong>nobilior</strong></span> <span class='ocrx_word' id='word_1_290' title='bbox 428 3062 476 3114; x_wconf 92' lang='lat' dir='ltr'><strong>est</strong></span> <span class='ocrx_word' id='word_1_291' title='bbox 490 3060 522 3114; x_wconf 91' lang='lat' dir='ltr'><strong>et</strong></span> <span class='ocrx_word' id='word_1_292' title='bbox 536 3043 784 3138; x_wconf 49' lang='lat' dir='ltr'><strong>praestantior.¹</strong></span> <span class='ocrx_word' id='word_1_293' title='bbox 995 3069 998 3076; x_wconf 60' lang='lat'><em>⁴</em></span> 
     </span>
     <span class='ocr_line' id='line_1_36' title="bbox 182 3129 1273 3230; baseline 0.002 -31"><span class='ocrx_word' id='word_1_294' title='bbox 182 3159 215 3220; x_wconf 59' lang='lat'><strong>,¹</strong></span> <span class='ocrx_word' id='word_1_295' title='bbox 287 3133 341 3200; x_wconf 87' lang='lat' dir='ltr'><strong>Ad</strong></span> <span class='ocrx_word' id='word_1_296' title='bbox 356 3129 443 3199; x_wconf 86' lang='lat' dir='ltr'><strong>hune</strong></span> <span class='ocrx_word' id='word_1_297' title='bbox 458 3152 536 3220; x_wconf 85' lang='lat' dir='ltr'><strong>ergo</strong></span> <span class='ocrx_word' id='word_1_298' title='bbox 560 3129 696 3200; x_wconf 85' lang='lat' dir='ltr'><strong>modum</strong></span> <span class='ocrx_word' id='word_1_299' title='bbox 710 3131 758 3200; x_wconf 89' lang='lat' dir='ltr'><strong>ita</strong></span> <span class='ocrx_word' id='word_1_300' title='bbox 782 3129 947 3216; x_wconf 83' lang='lat' dir='ltr'><strong>discerne,</strong></span> <span class='ocrx_word' id='word_1_301' title='bbox 978 3132 1077 3230; x_wconf 78' lang='lat' dir='ltr'><strong>lenge</strong></span> <span class='ocrx_word' id='word_1_302' title='bbox 1105 3135 1206 3207; x_wconf 86' lang='lat' dir='ltr'><strong>aliam</strong></span> <span class='ocrx_word' id='word_1_303' title='bbox 1227 3155 1273 3201; x_wconf 88' lang='lat' dir='ltr'><strong>reu</strong></span> 
     </span>
     <span class='ocr_line' id='line_1_37' title="bbox 202 3215 1273 3312; baseline -0.002 -25"><span class='ocrx_word' id='word_1_304' title='bbox 202 3241 272 3288; x_wconf 88' lang='lat' dir='ltr'><strong>esse</strong></span> <span class='ocrx_word' id='word_1_305' title='bbox 292 3215 522 3310; x_wconf 87' lang='lat' dir='ltr'><strong>Baptismum‚</strong></span> <span class='ocrx_word' id='word_1_306' title='bbox 554 3230 653 3308; x_wconf 85' lang='lat' dir='ltr'><strong>atq-ue</strong></span> <span class='ocrx_word' id='word_1_307' title='bbox 677 3241 797 3286; x_wconf 86' lang='lat' dir='ltr'><strong>omnes·</strong></span> <span class='ocrx_word' id='word_1_308' title='bbox 812 3215 895 3286; x_wconf 89' lang='lat' dir='ltr'><strong>alias</strong></span> <span class='ocrx_word' id='word_1_309' title='bbox 914 3227 1038 3312; x_wconf 81' lang='lat' dir='ltr'><strong>aquas,</strong></span> <span class='ocrx_word' id='word_1_310' title='bbox 1056 3239 1131 3298; x_wconf 82' lang='lat' dir='ltr'><strong>&#39;non</strong></span> <span class='ocrx_word' id='word_1_311' title='bbox 1145 3215 1273 3292; x_wconf 80' lang='lat' dir='ltr'><strong>naturalis</strong></span> 
     </span>
     <span class='ocr_line' id='line_1_38' title="bbox 201 3297 1274 3452; baseline -0.002 -80"><span class='ocrx_word' id='word_1_312' title='bbox 201 3303 359 3395; x_wconf 88' lang='lat' dir='ltr'><strong>essentiae</strong></span> <span class='ocrx_word' id='word_1_313' title='bbox 374 3299 490 3394; x_wconf 83' lang='lat' dir='ltr'><strong>gratia,</strong></span> <span class='ocrx_word' id='word_1_314' title='bbox 513 3297 569 3367; x_wconf 88' lang='lat' dir='ltr'><strong>sed</strong></span> <span class='ocrx_word' id='word_1_315' title='bbox 587 3301 675 3452; x_wconf 61' lang='grc' dir='ltr'><strong>(81οᾶ</strong></span> <span class='ocrx_word' id='word_1_316' title='bbox 689 3300 764 3370; x_wconf 89' lang='lat' dir='ltr'><strong>huic</strong></span> <span class='ocrx_word' id='word_1_317' title='bbox 781 3300 905 3400; x_wconf 88' lang='lat' dir='ltr'><strong>aliquid</strong></span> <span class='ocrx_word' id='word_1_318' title='bbox 919 3305 1169 3398; x_wconf 74' lang='lat' dir='ltr'><strong>praestantioris</strong></span> <span class='ocrx_word' id='word_1_319' title='bbox 1182 3309 1223 3376; x_wconf 87' lang='lat' dir='ltr'><strong>rei</strong></span> <span class='ocrx_word' id='word_1_320' title='bbox 1234 3302 1274 3370; x_wconf 89' lang='lat' dir='ltr'><strong>ad-</strong></span> 
     </span>
     <span class='ocr_line' id='line_1_39' title="bbox 174 3385 1273 3480; baseline -0.001 -26"><span class='ocrx_word' id='word_1_321' title='bbox 174 3403 176 3424; x_wconf 87' lang='lat'><em>·</em></span> <span class='ocrx_word' id='word_1_322' title='bbox 199 3386 360 3480; x_wconf 82' lang='lat' dir='ltr'><strong>jungitur.</strong></span> <span class='ocrx_word' id='word_1_323' title='bbox 403 3391 477 3480; x_wconf 86' lang='lat' dir='ltr'><strong>Ipse</strong></span> <span class='ocrx_word' id='word_1_324' title='bbox 490 3385 578 3452; x_wconf 88' lang='lat' dir='ltr'><strong>enim</strong></span> <span class='ocrx_word' id='word_1_325' title='bbox 621 3411 679 3455; x_wconf 85' lang='lat' dir='ltr'><strong>eus</strong></span> <span class='ocrx_word' id='word_1_326' title='bbox 693 3385 975 3480; x_wconf 79' lang='lat' dir='ltr'><strong>Baptismum‘suo</strong></span> <span class='ocrx_word' id='word_1_327' title='bbox 989 3389 1143 3462; x_wconf 86' lang='lat' dir='ltr'><strong>honestat</strong></span> <span class='ocrx_word' id='word_1_328' title='bbox 1157 3389 1273 3464; x_wconf 77' lang='lat' dir='ltr'><strong>domine,</strong></span> 
     </span>
     <span class='ocr_line' id='line_1_40' title="bbox 200 3469 1273 3566; baseline -0.004 -24"><span class='ocrx_word' id='word_1_329' title='bbox 200 3496 324 3566; x_wconf 82' lang='lat' dir='ltr'><strong>suaque</strong></span> <span class='ocrx_word' id='word_1_330' title='bbox 341 3471 458 3542; x_wconf 87' lang='lat' dir='ltr'><strong>virtute</strong></span> <span class='ocrx_word' id='word_1_331' title='bbox 473 3469 652 3540; x_wconf 86' lang='lat' dir='ltr'><strong>confirmat.</strong></span> <span class='ocrx_word' id='word_1_332' title='bbox 703 3476 788 3540; x_wconf 87' lang='lat' dir='ltr'><strong>Eam</strong></span> <span class='ocrx_word' id='word_1_333' title='bbox 813 3471 939 3543; x_wconf 89' lang='lat' dir='ltr'><strong>obrem</strong></span> <span class='ocrx_word' id='word_1_334' title='bbox 956 3501 1024 3546; x_wconf 91' lang='lat' dir='ltr'><strong>non</strong></span> <span class='ocrx_word' id='word_1_335' title='bbox 1045 3493 1177 3547; x_wconf 83' lang='lat' dir='ltr'><strong>tautum</strong></span> <span class='ocrx_word' id='word_1_336' title='bbox 1200 3489 1273 3544; x_wconf 88' lang='lat' dir='ltr'><strong>natu-</strong></span> 
     </span>
     <span class='ocr_line' id='line_1_41' title="bbox 163 3551 1272 3650; baseline -0.001 -25"><span class='ocrx_word' id='word_1_337' title='bbox 163 3552 169 3564; x_wconf 80' lang='grc'>’</span> <span class='ocrx_word' id='word_1_338' title='bbox 199 3554 280 3648; x_wconf 86' lang='lat' dir='ltr'><strong>ralis</strong></span> <span class='ocrx_word' id='word_1_339' title='bbox 295 3578 399 3650; x_wconf 80' lang='lat' dir='ltr'><strong>aqua,</strong></span> <span class='ocrx_word' id='word_1_340' title='bbox 410 3604 411 3608; x_wconf 57' lang='lat'><em>=</em></span> <span class='ocrx_word' id='word_1_341' title='bbox 422 3554 479 3624; x_wconf 91' lang='lat' dir='ltr'><strong>sed</strong></span> <span class='ocrx_word' id='word_1_342' title='bbox 494 3551 592 3623; x_wconf 75' lang='lat' dir='ltr'><strong>etiam</strong></span> <span class='ocrx_word' id='word_1_343' title='bbox 608 3555 739 3640; x_wconf 86' lang='lat' dir='ltr'><strong>divina,</strong></span> <span class='ocrx_word' id='word_1_344' title='bbox 761 3555 907 3626; x_wconf 85' lang='lat' dir='ltr'><strong>coelestis</strong></span> <span class='ocrx_word' id='word_1_345' title='bbox 916 3581 931 3643; x_wconf 62' lang='lat'><strong>¹,</strong></span> <span class='ocrx_word' id='word_1_346' title='bbox 955 3576 1065 3649; x_wconf 84' lang='lat' dir='ltr'><strong>sancta</strong></span> <span class='ocrx_word' id='word_1_347' title='bbox 1079 3579 1112 3630; x_wconf 88' lang='lat' dir='ltr'><strong>et</strong></span> <span class='ocrx_word' id='word_1_348' title='bbox 1128 3559 1272 3630; x_wconf 77' lang='lat' dir='ltr'><strong>salutifera</strong></span> 
     </span>
     <span class='ocr_line' id='line_1_42' title="bbox 198 3638 1273 3747; baseline 0.002 -39"><span class='ocrx_word' id='word_1_349' title='bbox 198 3659 304 3734; x_wconf 75' lang='lat' dir='ltr'><strong>aqua,</strong></span> <span class='ocrx_word' id='word_1_350' title='bbox 329 3647 435 3734; x_wconf 86' lang='lat' dir='ltr'><strong>quocu</strong></span> <span class='ocrx_word' id='word_1_351' title='bbox 484 3664 523 3707; x_wconf 93' lang='lat' dir='ltr'><strong>ue</strong></span> <span class='ocrx_word' id='word_1_352' title='bbox 547 3638 613 3709; x_wconf 87' lang='lat' dir='ltr'><strong>alio</strong></span> <span class='ocrx_word' id='word_1_353' title='bbox 635 3641 742 3710; x_wconf 88' lang='lat' dir='ltr'><strong>laudis</strong></span> <span class='ocrx_word' id='word_1_354' title='bbox 766 3638 864 3710; x_wconf 83' lang='lat' dir='ltr'><strong>titulo</strong></span> <span class='ocrx_word' id='word_1_355' title='bbox 885 3645 1056 3716; x_wconf 83' lang='lat' dir='ltr'><strong>nobilitari</strong></span> <span class='ocrx_word' id='word_1_356' title='bbox 1077 3663 1204 3747; x_wconf 73' lang='lat' dir='ltr'><strong>potest,</strong></span> <span class='ocrx_word' id='word_1_357' title='bbox 1229 3643 1273 3710; x_wconf 87' lang='lat' dir='ltr'><strong>ha·</strong></span> 
     </span>
    </p>
   </div>
   <div class='ocr_carea' id='block_1_11' title="bbox 149 3887 1273 4168">
    <p class='ocr_par' dir='ltr' id='par_1_12' title="bbox 149 3887 1273 4168">
     <span class='ocr_line' id='line_1_43' title="bbox 194 3887 1272 4050; baseline -0.004 -86"><span class='ocrx_word' id='word_1_358' title='bbox 194 3895 313 4050; x_wconf 52' lang='lat' dir='ltr'><strong>pl&#39;ttem</strong></span> <span class='ocrx_word' id='word_1_359' title='bbox 333 3895 436 3986; x_wconf 80' lang='lat' dir='ltr'><strong>digne</strong></span> <span class='ocrx_word' id='word_1_360' title='bbox 446 3911 479 3965; x_wconf 88' lang='lat' dir='ltr'><strong>et</strong></span> <span class='ocrx_word' id='word_1_361' title='bbox 493 3893 657 3996; x_wconf 71' lang='lat' dir='ltr'><strong>cumulate</strong></span> <span class='ocrx_word' id='word_1_362' title='bbox 680 3887 808 3998; x_wconf 65' lang='lat' dir='ltr'><strong>laudare</strong></span> <span class='ocrx_word' id='word_1_363' title='bbox 846 3914 949 3988; x_wconf 78' lang='lat' dir='ltr'><strong>otest,</strong></span> <span class='ocrx_word' id='word_1_364' title='bbox 980 3926 1031 3994; x_wconf 85' lang='lat' dir='ltr'><strong>srq</strong></span> <span class='ocrx_word' id='word_1_365' title='bbox 1166 3917 1272 3970; x_wconf 85' lang='lat' dir='ltr'><strong>omnem</strong></span> 
     </span>
     <span class='ocr_line' id='line_1_44' title="bbox 149 3985 1273 4082; baseline -0.005 -30"><span class='ocrx_word' id='word_1_366' title='bbox 149 4005 153 4020; x_wconf 52' lang='lat' dir='ltr'><em>f</em></span> <span class='ocrx_word' id='word_1_367' title='bbox 230 4006 260 4052; x_wconf 84' lang='lat' dir='ltr'><strong>et</strong></span> <span class='ocrx_word' id='word_1_368' title='bbox 282 3996 433 4055; x_wconf 73' lang='lat' dir='ltr'><strong>aetutem</strong></span> <span class='ocrx_word' id='word_1_369' title='bbox 455 3995 496 4082; x_wconf 22' lang='lat' dir='ltr'><strong>et»</strong></span> <span class='ocrx_word' id='word_1_370' title='bbox 508 3994 692 4080; x_wconf 74' lang='lat' dir='ltr'><strong>potentiam</strong></span> <span class='ocrx_word' id='word_1_371' title='bbox 715 4009 751 4051; x_wconf 79' lang='lat' dir='ltr'><strong>ur</strong></span> <span class='ocrx_word' id='word_1_372' title='bbox 772 4007 818 4082; x_wconf 45' lang='lat' dir='ltr'><strong>se·</strong></span> <span class='ocrx_word' id='word_1_373' title='bbox 868 3985 921 4080; x_wconf 89' lang='lat' dir='ltr'><strong>bet</strong></span> <span class='ocrx_word' id='word_1_374' title='bbox 941 4011 1056 4082; x_wconf 89' lang='lat' dir='ltr'><strong>compr</strong></span> <span class='ocrx_word' id='word_1_375' title='bbox 1110 4067 1116 4077; x_wconf 24' lang='grc' dir='ltr'>ι</span> <span class='ocrx_word' id='word_1_376' title='bbox 1155 3986 1273 4054; x_wconf 84' lang='lat' dir='ltr'><strong>amla-</strong></span> 
     </span>
     <span class='ocr_line' id='line_1_45' title="bbox 196 4067 1272 4168; baseline -0.001 -32"><span class='ocrx_word' id='word_1_377' title='bbox 196 4067 237 4136; x_wconf 88' lang='lat' dir='ltr'><strong>de</strong></span> <span class='ocrx_word' id='word_1_378' title='bbox 263 4091 396 4168; x_wconf 81' lang='lat' dir='ltr'><strong>qpoque</strong></span> <span class='ocrx_word' id='word_1_379' title='bbox 418 4069 609 4164; x_wconf 81' lang='lat' dir='ltr'><strong>Baptismus</strong></span> <span class='ocrx_word' id='word_1_380' title='bbox 635 4087 729 4137; x_wconf 86' lang='lat' dir='ltr'><strong>suam</strong></span> <span class='ocrx_word' id='word_1_381' title='bbox 753 4068 872 4164; x_wconf 77' lang='lat' dir='ltr'><strong>accipit</strong></span> <span class='ocrx_word' id='word_1_382' title='bbox 893 4073 1086 4154; x_wconf 83' lang='lat' dir='ltr'><strong>essentiam,</strong></span> <span class='ocrx_word' id='word_1_383' title='bbox 1114 4087 1152 4140; x_wconf 88' lang='lat' dir='ltr'><strong>ut</strong></span> <span class='ocrx_word' id='word_1_384' title='bbox 1175 4075 1272 4139; x_wconf 80' lang='lat' dir='ltr'><strong>Sacra-</strong></span> 
     </span>
    </p>
   </div>
   <div class='ocr_carea' id='block_1_12' title="bbox 198 3810 1273 4079">
    <p class='ocr_par' dir='ltr' id='par_1_13' title="bbox 198 3810 1273 4079">
     <span class='ocr_line' id='line_1_46' title="bbox 198 3810 1273 4079; baseline -0.002 -199"><span class='ocrx_word' id='word_1_385' title='bbox 198 3810 337 3880; x_wconf 89' lang='lat' dir='ltr'><strong>eoeleste</strong></span> <span class='ocrx_word' id='word_1_386' title='bbox 351 3833 389 3879; x_wconf 88' lang='lat' dir='ltr'><strong>ae</strong></span> <span class='ocrx_word' id='word_1_387' title='bbox 402 3826 549 3880; x_wconf 86' lang='lat' dir='ltr'><strong>sanctum</strong></span> <span class='ocrx_word' id='word_1_388' title='bbox 563 3811 699 3880; x_wconf 87' lang='lat' dir='ltr'><strong>verbum</strong></span> <span class='ocrx_word' id='word_1_389' title='bbox 710 3829 768 3895; x_wconf 81' lang='lat' dir='ltr'><strong>est,</strong></span> <span class='ocrx_word' id='word_1_390' title='bbox 789 3835 894 3912; x_wconf 73' lang='lat' dir='ltr'><strong>neque</strong></span> <span class='ocrx_word' id='word_1_391' title='bbox 910 3838 930 3884; x_wconf 84' lang='lat' dir='ltr'><strong>a</strong></span> <span class='ocrx_word' id='word_1_392' title='bbox 944 3834 1203 4079; x_wconf 50' lang='lat' dir='ltr'><strong>quoqpffiatrs</strong></span> <span class='ocrx_word' id='word_1_393' title='bbox 1218 3835 1273 3882; x_wconf 87' lang='lat' dir='ltr'><strong>am·</strong></span> 
     </span>
    </p>
   </div>
   <div class='ocr_carea' id='block_1_13' title="bbox 171 4233 1270 4350">
    <p class='ocr_par' dir='ltr' id='par_1_14' title="bbox 171 4233 1270 4350">
     <span class='ocr_line' id='line_1_47' title="bbox 171 4233 1270 4350; baseline 0.005 -44"><span class='ocrx_word' id='word_1_394' title='bbox 171 4235 263 4306; x_wconf 78' lang='lat' dir='ltr'><strong>‘iam</strong></span> <span class='ocrx_word' id='word_1_395' title='bbox 287 4237 382 4350; x_wconf 68' lang='lat' dir='ltr'><strong>docet</strong></span> <span class='ocrx_word' id='word_1_396' title='bbox 401 4237 625 4328; x_wconf 78' lang='lat' dir='ltr'><strong>Augustinus:</strong></span> <span class='ocrx_word' id='word_1_397' title='bbox 661 4239 821 4323; x_wconf 79' lang='lat' dir='ltr'><strong>Accedat,</strong></span> <span class='ocrx_word' id='word_1_398' title='bbox 848 4239 979 4332; x_wconf 79' lang='lat' dir='ltr'><strong>inquit,</strong></span> <span class='ocrx_word' id='word_1_399' title='bbox 1006 4240 1143 4333; x_wconf 76' lang='lat' dir='ltr'><strong>rerbum</strong></span> <span class='ocrx_word' id='word_1_400' title='bbox 1162 4240 1202 4311; x_wconf 83' lang='lat' dir='ltr'><strong>nd</strong></span> <span class='ocrx_word' id='word_1_401' title='bbox 1217 4233 1270 4304; x_wconf 74' lang='lat' dir='ltr'><strong>tlt·</strong></span> 
     </span>
    </p>
   </div>
   <div class='ocr_carea' id='block_1_14' title="bbox 0 0 1310 4892">
    <p class='ocr_par' dir='ltr' id='par_1_15' title="bbox 0 0 1310 4892">
     <span class='ocr_line' id='line_1_48' title="bbox 0 0 1310 4892; baseline 0 5"><span class='ocrx_word' id='word_1_402' title='bbox 0 0 1310 4892; x_wconf 95' lang='lat' dir='ltr'><strong> </strong></span> 
     </span>
    </p>
   </div>
  </div>
 </body>
</html>
