2610 4900
360 333 640 463 'Catachismttp'
654 335 788 473 major.
859 312 863 321 Ι
1025 313 1127 442 Ιι325
1189 331 1196 346 ’

14 537 251 610 niDeimiin
271 549 405 624 vanum,
445 531 516 611 Ho'c
534 531 606 624 ¹est,
637 531 819 612 nemdboe
843 541 980 638 impune
999 541 1124 614 laturus
1169 557 1197 614 .’

14 639 78 706 est,
102 625 159 693 sed
172 646 296 718 poenas
311 624 782 722 graves‘dabitblaspbenriae.
827 632 937 728 Quam
957 626 1045 696 enirn
1066 626 1123 698 in·
1181 649 1184 656 ’

13 707 129 778 ultum
145 735 214 780 non
229 709 354 804 patitur
364 715 477 793 Deus,
494 710 532 802 si·
542 710 615 804 quis
630 711 737 779 cordis
755 711 872 780 fiducia
897 712 937 780 ab
955 738 997 794 eo
1018 711 1124 788 disce·

13 795 92 861 datr
116 809 183 862 tam
198 793 396 889 impunitum
412 811 479 864 nort
496 795 596 878 sinet,
613 795 745 890 ‘siquis'
785 821 824 864 ro
840 795 1122 866 tuendis-menda·

12 877 75 948 ciis
99 877 186 948 falso
208 896 345 974 usurpet
366 881 587 972 nornen'ejus.
634 883 707 950 Sed
727 906 762 949 o·
797 907 870 950 eum
887 879 1120 972 immortalem,

36 988 102 1032 uae
118 979 185 1032 tam
201 965 379 1040 execranda
395 963 1121 1058 cousuetudqdivinumnomenblaspbeman-

11 988 47 1118 di
65 1048 215 1117 omniurn
230 1049 402 1121 hominum
419 1049 742 1144 animoseorripuit?
775 1049 1012 1143 Namperinde
1024 1065 1122 1143 ‘pau-

11 1133 41 1204 ci
61 1149 158 1216 sunt,
181 1133 239 1227 qui
257 1130 648 1204 salutiferoDeinominc
664 1135 707 1204 ad
728 1134 917 1216 mendacia,
945 1132 1120 1204 vanitatem
1144 1151 1151 1170 ²
1245 1191 1250 1201 .

10 1235 44 1290 et
63 1243 195 1288 omnem
209 1218 526 1314 iniquitutemsuarn
541 1219 696 1288 tuendam
718 1219 991 1302 non‘abutuntur,
1017 1243 1118 1318 quam

11 1303 166 1385 illorum,
188 1305 249 1397 qni
262 1299 369 1374 solum
382 1329 420 1374 ex
438 1303 552 1394 opimo
567 1309 641 1372 Deo
656 1303 791 1374 credunt
803 1305 983 1398 fiduntque.

100 1421 274 1516 Siquidem
293 1419 351 1491 ssla
369 1421 539 1514 praeclara
555 1419 659 1490 virtus
678 1421 719 1503 (si
748 1421 882 1504 Christo
903 1417 1020 1514 placet)
1043 1446 1117 1492 om·
1169 1493 1173 1501 ,

10 1505 111 1574 nibus
132 1502 227 1576 uobis
250 1521 370 1576 natura
395 1507 492 1577 insita
513 1523 580 1590 est,
609 1523 646 1576 ut
668 1505 715 1592 is,
746 1506 803 1600 qui
830 1505 966 1600 aliquod
983 1506 1118 1579 a'dmisit

10 1591 189 1660 criminose
205 1589 387 1684 flagitium,
417 1593 510 1678 suam
531 1589 766 1688 turpitudinem
791 1616 918 1662 summa
936 1615 999 1694 ope
1013 1589 1116 1660 celare
1151 1623 1179 1657 .·

10 1675 152 1759 studeat,
173 1701 214 1744 ne
229 1675 322 1766 cujus
341 1675 440 1748 oculis
453 1693 579 1772 pateat,
593 1693 660 1748 aut
674 1673 795 1770 aliquis
805 1675 974 1766 'designatr
985 1675 1115 1746 facino·
1203 1697 1207 1704 '
1279 1685 1281 1694 ’

9 1760 57 1829 ris
76 1759 138 1829 sibi
154 1761 196 1828 sit
211 1753 370 1844 conscius.
394 1765 527 1858 ‚Usque
545 1761 627 1832 adeo
650 1761 738 1831 enim
762 1761 972 1842 dissolutum,
994 1775 1051 1830 aot
1065 1757 1116 1830 sui

9 1841 234 1947 negligentem
246 1861 277 1914 et
298 1844 483 1940 deploratae
506 1846 650 1939 malitiae
674 1845 819 1916 arbitror
844 1857 912 1915 e'sse
937 1843 1115 1930 neminem,
1214 1895 1220 1912 .

9 1957 73 2026 qur
93 1929 270 2026 perpetrati
289 1929 407 2020 flagitii
428 1941 497 2002 se‘se
520 1934 620 2022 jactet
641 1924 752 2000 odram
774 1957 826 2001 orn
855 1933 938 2004 ibus.
987 1935 1115 2000 Verum
1172 1955 1175 1962 ·
1286 1939 1290 1946 '

9 2039 111 2084 nemo
125 2039 191 2083 non
205 2013 463 2110 studetpeccarc
479 2014 661 2086 clanculum
684 2033 716 2086 ct
732 1959 889 2100 subdole,
918 2013 1114 2110 priusquam

9 2099 124 2198 palam
145 2101 226 2182 fiat,
247 2114 305 2167 aut
326 2103 498 2170 resciscant
524 2101 681 2170 homines.
732 2107 819 2172 Tum
841 2101 868 2170 si
894 2100 968 2202 quis
984 2125 1056 2168 eam
1070 2099 1113 2170 ob

8 2212 83 2254 rem
108 2183 294 2268 invaditur,
316 2187 373 2255 aut
392 2185 603 2256 insimulatur
626 2183 798 2268 facinoris,
821 2188 1136 2281 protinus'nomcnx

2 2269 77 2340 Dei
91 2285 183 2362 patet
198 2268 347 2358 injuriis,
371 2287 483 2364 estque
497 2271 676 2340 obnoxium
695 2267 910 2342 contumeliis.
933 2275 1005 2344 Hoc
1021 2267 1112 2338 enirn
1156 2345 1158 2352 ,

10 2353 87 2450 quis
115 2379 153 2424 uc
193 2377 271 2440 suae
302 2353 416 2448 culpae
443 2355 621 2448 praetexit,
660 2355 851 2450 cogiturque
884 2379 1006 2424 nomen
1025 2350 1113 2450 illud

9 2445 103 2509 omni
127 2438 297 2512 uszmodis
325 2442 547 2510 venerandum
569 2466 586 2508 e
608 2437 696 2510 vitiis
724 2446 880 2517 virtutes,
904 2465 942 2508 ex
965 2438 1112 2530 ignornr-

8 2525 66 2593 nia
89 2523 251 2616 gloriam,
287 2550 305 2594 e
326 2523 483 2594 dedecore
506 2523 649 2593 honores
670 2525 788 2594 lacere.
833 2528 879 2598 Et
899 2521 1022 2596 hicest
1039 2523 1110 2612 jam

10 2605 111 2680 totius
145 2607 261 2678 mundi
285 2609 471 2679 communis
501 2608 637 2702 quidam
672 2621 797 2689 cursus,
818 2633 888 2704 quo
901 2607 1001 2678 veluti
1022 2633 1111 2762 quo-

7 2697 87 2762 dam
123 2693 247 2762 diluvio
280 2711 399 2774 'omnes
429 2692 584 2782 regiones,
610 2692 700 2762 orbis
743 2711 905 2764 terrarum
940 2693 1020 2762 inun
1044 2708 1110 2764 ant.

9 2780 97 2847 Hinc
119 2777 238 2848 nostris
261 2776 387 2848 meritis
409 2778 511 2867 digna
539 2782 670 2874 quoque
708 2780 854 2874 praemia
892 2779 1056 2874 capimus,
1078 2792 1138 2869 et¹
1212 2785 1216 2794 ’

8 2863 99 2957 quod
121 2879 232 2931 nostra
253 2861 458 2956 blasphemia
471 2862 707 2963 procacissime
733 2864 939 2958 quaerimus,
967 2862 1030 2932 hoc
1043 2885 1108 2932 no-

7 2945 187 3043 bislplena
221 2951 322 3018 manu
352 2948 554 3036 offunditur,
599 2961 717 3043 nempe
751 2947 958 3042 pestilentia,
999 2963 1108 3022 motus
1163 2992 1166 3000 ·

8 3032 141 3116 bellici,
177 3057 324 3114 annonae
354 3032 490 3116 caritas,
523 3031 690 3114 incendia,
773 3041 889 3102 oarurn'
919 3032 1109 3100 inundatio-
1193 3061 1218 3120 κ,
1250 3079 1254 3085 -

6 3143 78 3200 nes,
102 3117 274 3210 degeneres
289 3143 404 3187 uxores
421 3133 452 3186 et
467 3115 581 3200 liberi,
602 3117 725 3212 perfida
757 3115 888 3200 amilio,
910 3131 942 3186 et
956 3116 990 3183 id
1004 3137 1106 3268 genus
1140 3127 1153 3169 s
1227 3189 1229 3196 Α

7 3201 337 3272 maloru'm'cxaimina
354 3201 617 3272 innumerabilia.
637 3200 1007 3270 ‘Unde'enimt'antumca
1020 3199 1107 3268 ami-

7 3303 115 3357 tatum
136 3285 263 3382 alioqui
283 3280 378 3356 nobis
407 3288 598 3356 evenirctls
620 3277 737 3354 Adbuc
757 3284 839 3370 bene
862 3284 982 3381 inagna
1001 3282 1107 3379 gratia

7 3371 88 3443 baec
106 3387 171 3458 est,
197 3375 387 3468 quodlterra
400 3395 461 3452 nos
477 3366 563 3462 serat
578 3387 677 3470 atque
693 3370 826 3441 nutriat.
1098 3385 1101 3392 '

94 3491 319 3580 Quamobrem
333 3513 463 3560 summo
475 3491 584 3572 studio
596 3479 746 3580 juventus
769 3515 808 3560 eo
830 3481 1034 3584 perducenda
1057 3501 1107 3558 est

9 3592 40 3646 et
54 3573 298 3646 assuefacienda
310 3573 446 3660 sedulo,
475 3590 513 3642 ut
533 3577 710 3644 secundum
732 3575 794 3645 boc
813 3590 1022 3672 praeceptum
1041 3596 1107 3642 uua

10 3687 84 3728 cum
114 3659 225 3756 primo
251 3677 436 3731 reverenter
456 3657 589 3742 babeat,
626 3660 802 3756 magnique
832 3660 945 3741 faciat,
960 3747 961 3750 Ἴ
977 3683 1106 3754 proque
1203 3725 1207 3734 ,

9 3746 265 3836 transgressione
282 3745 433 3840 protinus
449 3745 637 3820 emendetur
650 3743 780 3828 ferulis,
803 3744 918 3838 posito
937 3760 1010 3812 ante
1025 3768 1106 3813 ocu-

10 3826 59 3898 los
72 3847 245 3924 praecepto
275 3847 312 3902 et
328 3828 464 3918 subinde
480 3827 653 3910 inculcato,
676 3844 711 3896 ut
725 3829 773 3916 ita¹
786 3829 879 3932 pueri
895 3854 964 3900 non
978 3833 1110 3900 tantum

10 3913 185 4013 educentur
201 3912 372 4008 disciplina
387 3931 419 3984 et
432 3913 639 3996 verberibus,
659 3914 717 3982 sed
733 3920 798 3984 Der
815 3935 946 4010 quoquc
967 3928 1057 3980 metu
1074 3923 1107 3980 et
1222 3935 1226 3944 ’
1264 3973 1265 3980 ,

9 4016 187 4068 reverentur
203 4008 422 4092 coirceantur.
547 4013 550 4018 '
823 4053 825 4058 .

93 4107 172 4170 Jam
186 4125 263 4190 ergo
278 4099 382 4168 intell'
407 4099 454 4182 's,
477 4098 559 4194 quid
580 4099 623 4170 sit
637 4099 729 4172 abuti
748 4099 860 4170 divino
880 4098 1029 4180 nomine,
1051 4094 1106 4171 ni·
1123 4163 1127 4172 ,

12 4186 131 4254 mirum
144 4192 198 4274 (ut
212 4185 355 4254 breviter
397 4207 543 4254 ecurram
591 4209 625 4252 er
643 4185 765 4279 capita)
786 4185 925 4282 ‘quando
947 4197 1004 4252 aut
1025 4183 1107 4250 sim.»
1170 4215 1178 4234 f

14 4269 140 4364 pliciter
153 4293 215 4366 pro
230 4269 533 4343 suendomendaciu
585 4269 726 4356 utimur,
750 4287 810 4342 *ant
818 4271 909 4342 aliud
925 4267 1107 4365 quippiam,
1215 4285 1217 4290 '
1282 4327 1285 4334 .
