2548 4906
220 411 223 415 ⁴
252 323 326 424 apd
437 349 474 392 π
720 293 901 426 'Apologia

248 525 332 582 esse.
370 509 513 601 Propter
526 503 651 578 Christi
672 504 791 578 merita
804 520 996 600 reputamur
1014 503 1112 598 justi,
1139 529 1199 578 eon
1214 529 1235 572 ir

249 618 324 666 mus
343 589 381 665 iu
405 619 497 679 eum,
525 592 607 662 sicut
628 607 734 662 textus
758 591 821 662 ait:
865 593 1010 674 Omnes,
1040 588 1099 684 qui
1118 591 1235 662 coubdii

161 719 164 732 ·
249 703 345 762 eum,
372 702 439 759 non
462 676 711 748 confundentur.
754 681 824 748 Nec
842 693 892 746 est
906 675 1153 758 confidendum,
1178 675 1235 768 quel

223 761 335 852 jstire
360 778 488 833 utemur
496 760 620 834 meritis
630 763 802 840 beataevir
826 761 898 844 nis,
921 778 979 831 aut
995 757 1135 834 allorum
1146 775 1235 828 sancte

334 786 455 918 llaeret
470 863 501 916 et
511 845 569 916 bie
584 872 677 918 error
690 849 777 942 apud
792 785 924 930 illectos,
956 846 1047 940 quod
1065 843 1235 944 singulinsgpi

250 948 355 1004 certae
375 931 624 1027 procurationes
646 937 836 1008 commissae
852 931 937 1014 sirit,
957 947 995 1000 ut
1012 933 1111 998 Anna
1126 928 1228 997 divitias

132 1089 139 1118 Ι
249 1015 380 1172 giatur,
417 1015 626 1086 Sebastianus
655 1034 763 1089 arceat
782 1013 1019 1112 pestilentiam,
1049 1013 1227 1088 'Valentinis

273 1117 367 1170 eatur
389 1101 505 1174 morbo
532 1100 714 1186 comitiali,
755 1106 917 1192 Georgius
943 1115 1075 1170 tueatur
1101 1098 1217 1202 equites.

174 1195 181 1210 ¹
248 1185 476 1282 persuasiones
491 1183 586 1280 plane
600 1203 677 1256 suat
690 1203 777 1258 ortae
791 1213 831 1256 ex
845 1183 983 1256 ethnicis
997 1183 1162 1280 exemplis.
1182 1181 1235 1252 sici

250 1269 341 1365 apud
365 1274 532 1342 Romanos
557 1271 735 1366 putabatur
758 1277 851 1342 Juiio
878 1270 1001 1354 ditare,
1029 1269 1145 1340 Febris
1163 1293 1235 1336 arcer

249 1355 362 1439 brem,
395 1357 514 1454 Castor
526 1370 559 1455 et
577 1356 696 1428 Pollux
714 1355 885 1455 defendere
903 1353 1047 1451 equites,
1076 1369 1137 1424 etc.
1175 1353 1235 1422 Etb

248 1460 323 1513 mus
347 1439 608 1511 moderatissime
637 1442 721 1510 tradi
747 1439 983 1512 invocationem
1005 1453 1235 1518 sanctorum‚ti

249 1549 324 1596 curn
345 1551 434 1594 exem
461 1523 531 1596 lum
561 1524 604 1596 s'it
626 1520 955 1620 periculosissimum,
1020 1550 1155 1610 uersum
1183 1546 1234 1618 opu

230 1633 322 1709 ¹eam
339 1551 528 1764 desendgre,
551 1635 624 1679 cuni
639 1609 769 1680 nullum
781 1608 901 1682 babeat
921 1549 1114 1680 mandatum
1130 1625 1181 1678 aut
1191 1623 1233 1700 test

190 1769 197 1775 ,
248 1717 343 1767 nium
359 1722 398 1764 ex
413 1720 469 1762 ver
491 1694 613 1764 oDei?
656 1699 725 1769 lmo
738 1721 797 1766 nec
811 1712 958 1764 veterum
975 1693 1177 1789 Scriptorum
1191 1707 1234 1759 testi

241 1777 341 1854 ¹nium
358 1777 466 1848 babet.
507 1779 659 1848 Primum
676 1779 769 1875 quia,
796 1794 834 1850 ut
857 1803 959 1874 supra
982 1777 1068 1862 dixi,
1099 1806 1171 1848 cuin
1190 1773 1226 1844 alii

189 1937 191 1941 ,
249 1861 393 1935 diatores
424 1881 554 1957 praeter
582 1861 757 1964 Christum·
780 1881 998 1961 quaeruntur,
1028 1862 1197 1933 collocatur
1214 1857 1235 1925 bl

40 1981 41 2046 j
137 1962 160 2033 ᾗ
248 1946 284 2016 iii
300 1947 402 2032 alios,
423 1947 574 2018 obruitur
598 1965 670 2020 tota
690 1951 806 2021 notitia
830 1947 972 2032 Christi,
1000 1947 1102 2044 idque
1124 1973 1172 2047 res
1191 1961 1235 2014 oste

166 2065 170 2076 v
249 2031 391 2132 Videtur
422 2032 519 2102 initio
547 2033 669 2104 ii'ientio
691 2051 895 2118 sanctorum,
924 2031 1029 2129 qualis
1057 2049 1108 2104 cst
1128 2057 1162 2102 in
1179 2027 1235 2098 veter}

166 2187 176 2201 ,
249 2116 463 2201 erationibus,
485 2115 646 2188 tolerabili
655 2119 792 2200 consilio
811 2135 937 2214 recepta
946 2143 1025 2188 esse.
1047 2121 1168 2189 Postea
1180 2129 1235 2206 sciit

249 2200 437 2304 invocatio,
447 2202 684 2302 invocationem
700 2204 879 2298 prodigiosi
893 2221 925 2272 et
938 2202 1015 2298 plus
1033 2227 1135 2297 quani
1149 2198 1231 2270 etbiiu

221 2340 227 2350 ,
248 2310 327 2367 usus
339 2302 439 2356 secuti
449 2305 533 2358 sunt.
555 2287 606 2360 Ab
619 2292 823 2360 invocatione
840 2289 881 2358 ad
896 2287 1054 2380 imagines
1066 2297 1235 2357 ventumest

249 2373 385 2468 quoque
398 2372 593 2456 colebantur,
618 2390 650 2444 et
668 2374 845 2468 putabatur
860 2371 906 2442 eis
921 2372 1032 2442 inesse
1044 2365 1235 2467 quaedamvb

172 2477 191 2506 ⁸
249 2455 400 2550 cutmagi
417 2456 483 2528 'vim
498 2457 602 2528 inesse
620 2459 748 2551 biigunt
764 2455 963 2550 imaginibus
978 2457 1004 2526 si
1053 2483 1149 2528 orum
1161 2451 1234 2545 coelat

169 2547 171 2564 '
247 2557 336 2613 certo
351 2557 497 2636 tempore
511 2541 656 2636 sculptis.
699 2539 854 2613 Vidimus
876 2541 911 2610 in
926 2567 991 2637 quo
1015 2567 1068 2614 aui
1082 2555 1234 2612 monastero

247 2624 433 2703 mulacrum
459 2624 750 2716 beataevirginis,
782 2627 889 2720 quod,
917 2627 1012 2729 quasi
1040 2625 1234 2718 adreptorotil

209 2763 214 2771 f
248 2709 458 2801 movebatur,
473 2709 689 2780 ut'videretur
712 2727 769 2781 aut
787 2737 930 2780 aversari
946 2729 1103 2806 petentes,
1125 2727 1177 2782 aut
1190 2721 1234 2776 aiu

247 2797 292 2865 Et
309 2807 417 2862 tamen
438 2793 585 2864 omnium
603 2811 782 2864 statuarum
796 2812 894 2891 atque
908 2793 1111 2892 picturaruin
1123 2805 1234 2890 pertriti

209 2963 213 2972 ι
246 2892 362 2972 perant
377 2875 507 2948 sabulos
561 2877 714 2950 historiae
731 2880 769 2951 de
785 2879 934 2964 sanctis,‘
952 2905 1035 2974 quae
1059 2885 1233 2971 magnitud

172 3015 175 3020 .
247 2977 312 3031 tate
327 2957 454 3054 publice
471 2979 519 3032 tra
545 2963 691 3036 ebantnr.
721 2965 867 3034 Barbara
880 2965 960 3059 p‘etit
972 2964 1058 3036 inter
1072 2977 1233 3049 tc'irmoitap¹

227 3047 371 3144 mium,
404 3072 444 3116 ne
462 3047 536 3143 quis
558 3048 714 3136 inuocans
738 3049 843 3144 ipsam
865 3050 1027 3122 moriatur
1049 3049 1121 3120 siue
1141 3045 1233 3118 eucbiu

247 3129 346 3204 Alius
365 3145 469 3202 totuin
488 3131 701 3216 Psalteoiuiii,
730 3151 818 3204 stans
831 3135 918 3235 pede
933 3133 969 3204 in
983 3160 1068 3216 uno,
1099 3128 1233 3228 quotidie!

247 3216 337 3286 tavit.
386 3215 664 3311 Christopborum
677 3217 782 3313 pinxit
795 3215 916 3312 aliquis
931 3217 983 3288 vir
999 3219 1162 3318 prudens,
1182 3227 1233 3310 uttl

247 3301 357 3399 fiparet
369 3327 428 3399 per
440 3301 644 3396 allegoriam,
661 3328 817 3398 magnum
836 3320 985 3398 oportere
999 3303 1104 3374 robur
1119 3303 1232 3372 inimici

247 3383 318 3468 liis,
341 3411 399 3480 qui
412 3385 536 3456 ferrent
552 3385 742 3474 Christum,
771 3386 833 3458 boc
851 3404 918 3471 est,
934 3387 1005 3483 ‚qui
1023 3389 1170 3460 docerent
1187 3385 1232 3452 Eut

248 3465 354 3553 lium,
389 3486 445 3540 aut
465 3471 713 3553 confiterentur,
747 3471 826 3564 quia
850 3497 979 3542 necesse
1002 3473 1044 3545 sit
1067 3473 1176 3542 subire
1194 3483 1232 3534 111³]

247 3553 416 3660 pericula..
447 3554 576 3625 Deinde
596 3555 708 3626 stolidi
721 3553 872 3626 monachi
886 3557 976 3653 apud
990 3583 1033 3653 po
1059 3557 1153 3634 ulum
1165 3557 1232 3624 deut

247 3663 398 3739 invocare
412 3636 698 3734 Christopborum,
724 3645 817 3734 quasi
836 3638 911 3715 talis
928 3583 1148 3737 Polyphemus
1165 3635 1232 3726 asqll

248 3740 413 3795 extitisset.
458 3725 610 3819 Cumque
633 3724 736 3795 sancti
758 3725 915 3796 maximas
937 3753 992 3799 res
1004 3727 1173 3820 gesserint,
1196 3743 1219 3784 vt

247 3806 399 3904 publicae
412 3809 533 3894 utiles,
565 3805 846 3893 vel'continentes⁴
876 3809 979 3881 rivata
1003 3809 1165 3906 exempla,
1210 3818 1231 3898 Ψ

248 3891 517 3970 commemoratio
531 3911 600 3966 tum
614 3895 655 3963 ad
669 3895 766 3964 fidem
780 3919 841 3964 con
866 3895 1056 3979 rmandam,
1086 3914 1154 3967 tum
1171 3830 1208 3960 ael
1212 3903 1231 3950 1¹l

248 3978 370 4050 tionem
387 3977 420 4046 iii
434 3981 529 4050 rebus
545 3978 696 4070 gerendis
715 3977 856 4050 multum
870 3983 1085 4068 conduceret,
1118 3979 1172 4050 has
1185 3989 1231 4041 neu

223 4128 226 4138 ,
248 4061 332 4132 veris
353 4059 497 4135 historiis
529 4089 589 4134 con
613 4062 732 4135 uisivit.
774 4068 818 4135 Ai
836 4089 914 4134 vero
935 4065 1069 4162 prodest
1093 4062 1231 4151 audiret

195 4179 201 4188 ¹
248 4146 353 4218 morlo.
372 4145 474 4244 sancti
491 4147 554 4218 viri
572 4089 1104 4244 administraverintrespublicas,
1154 4155 1230 4216 iiostl

198 4303 201 4310 ,
247 4256 330 4330 quae
344 4229 672 4335 periculasubierint,
695 4233 863 4330 quomodo
880 4174 1230 4332 enetiviriregdutffl
