2618 4902
648 275 666 310 l
758 265 761 272 .

33 391 37 470 ,
78 423 81 434 ,
116 453 123 478 ἱ
227 357 275 440 68
614 417 616 422 -
682 358 862 484 Apologia

228 533 395 627 aboleant,
410 537 598 626 ,et'scdcant
613 539 656 609 ad
672 536 799 632 legem?
821 541 857 609 Si
867 523 945 607 fides
963 537 1079 633 accipit
1097 537 1282 618 remissionem

227 637 430 719 peecatorum
441 675 452 708 ,
464 697 467 701 ,
480 637 616 719 propter
638 623 865 705 dilectionem,
899 647 1028 718 semper
1045 625 1110 694 erit
1127 622 1233 696 incerta
1251 650 1281 690 re·

227 705 343 780 missio
387 725 577 790 creatorum,
596 707 674 804 quia
692 734 859 813 nonquam
877 707 1046 794 diligimus
1063 721 1196 791 tantum,
1209 731 1282 802 quan·

162 871 173 880 „
227 807 300 864 tum
318 731 490 876 dedemus,
516 791 583 862 imo
600 819 668 864 uon
683 793 872 885 diligimus,
903 793 967 862 nisi
984 808 1073 862 certo
1089 808 1222 862 statuant
1235 817 1281 860 cor·

227 877 289 958 da,
312 879 400 970 quod
415 880 532 946 donata
547 876 590 945 sit
608 877 705 947 nobis
720 879 869 948 remissio
883 893 1099 986 peecatorum.
1141 883 1188 947 lta
1201 877 1282 946 adou-

170 1028 173 1038 ,
199 1040 202 1048 ,
228 960 319 1043 sarii,
335 961 414 1030 dum
430 961 603 1056 requirunt
617 963 767 1032 fiduciam
775 988 937 1066 'propriae
952 961 1137 1030 dilectionis
1153 960 1187 1035 in
1200 961 1282 1030 renis·

32 1049 43 1068 '¹
88 1075 90 1083 ⁸
194 1059 195 1064 ’
228 1045 320 1146 sione
342 1061 545 1148 peccatorum
570 1063 602 1116 et
620 1048 863 1138 justificatione,
887 1043 1102 1136 Evangelium
1123 1047 1162 1119 dc
1198 1043 1282 1114 ratuitt

227 1155 420 1202 remrssrune
432 1145 635 1226 peccatorum
649 1131 938 1226 prorsusrabolent,
958 1158 1031 1200 eum
1049 1147 1155 1202 tamen
1194 1128 1282 1198 ‘lectio

228 1214 410 1317 nemillarn
434 1234 729 1317 nequetpraestcnt,
758 1243 863 1312 neque
886 1215 1085 1306 intelligant,
1113 1213 1177 1285 nisi
1191 1215 1282 1286 credant

227 1316 331 1394 gratis
347 1325 448 1394 aecrpr
465 1324 688 1370 remrssnoncm
701 1320 918 1398 peccatorum.

265 1403 269 1414 ’
292 1383 380 1456 ''Nos
396 1408 526 1478 quoquc
543 1383 699 1466 dicimus,
724 1388 813 1480 quod
831 1383 959 1456 dilectio
970 1385 1068 1485 fidem
1088 1381 1281 1485 sequidelut

30 1489 31 1498 ’
125 1500 130 1515 ’
227 1467 497 1542 rieureerlus
514 1468 578 1539 ait:
606 1469 789 1540 inChristo
809 1479 890 1539 Jesn
915 1493 1020 1566 neque
1037 1468 1231 1540 circumrosis
1247 1465 1281 1534 ali·

226 1554 308 1714 guid
320 1552 422 1637 valet,
451 1579 554 1648 neque
568 1555 791 1648 praeputium,
813 1558 869 1625 sed
887 1555 965 1626 lidos
980 1580 1040 1648 per
1054 1553 1246 1628 dilectionem
1256 1549 1281 1618 cl·

252 1664 318 1710 can.
359 1643 474 1734 Neque
489 1653 597 1707 tamen
613 1637 688 1710 ideo
706 1640 907 1710 sentiendum
928 1655 994 1720 est,
1024 1641 1112 1734 quud
1128 1637 1235 1710 fiducia
1246 1635 1281 1702 lo

155 1738 158 1748 '
227 1729 283 1819 jus
302 1721 508 1824 dilectionis,
545 1737 603 1791 aut
626 1739 762 1821 propter
784 1723 868 1796 hanc
894 1722 1100 1794 dilectionem
1123 1721 1280 1824 accipiamu

114 1879 117 1884 .
226 1831 452 1882 remrssroncur
478 1822 683 1906 peecatorum
709 1807 1071 1887 &reconciliationem
1098 1815 1191 1878 'sicut
1212 1825 1280 1896 nequ

225 1892 402 1988 accipimus
422 1914 647 1962 remrssronem
675 1911 879 1989 peccatorum
924 1907 1034 1989 rupter
1057 1891 1123 1962 alia
1146 1913 1237 1986 opera
1253 1912 1280 1983 ες·

120 1999 123 2006 ·
226 1976 371 2074 quentia.
404 1977 478 2075 .s⁰.d
495 1970 566 2068 sola
582 1977 663 2061 lide,
684 1995 716 2048 et
733 1979 866 2074 quidem
880 1920 942 2048 fide
960 1975 1094 2073 proprie
1110 1979 1213 2058 dieta,
1231 1995 1279 2066 ocu·

225 2061 318 2164 pitur
332 2083 479 2131 remnssnu
493 2079 718 2148 peccatorum,
746 2063 823 2160 quia
840 2063 1016 2159 promissio
1030 2087 1098 2132 non
1113 2077 1218 2158 potest
1229 2079 1279 2126 aru·

225 2147 264 2246 pi
287 2145 352 2214 nisi
364 2145 438 2216 fide.
488 2149 549 2214 Est
564 2163 670 2218 autern
687 2148 765 2217 fides
779 2147 910 2244 proprie
923 2145 1026 2230 dieta,
1071 2171 1130 2216 uas
1147 2141 1280 2234 assentitur

225 2228 457 2330 promissioni,
477 2230 516 2298 de
534 2229 593 2301 hac
609 2233 671 2301 fide
684 2232 829 2329 loquitur
843 2230 1011 2336 scriptura.
1048 2173 1098 2307 llt
1114 2233 1193 2326 quia
1206 2229 1280 2318 accipit

218 2313 452 2388 ,remissionem
465 2332 684 2408 peccatorum,
716 2334 749 2386 et
764 2317 949 2388 reconciliat
963 2341 1024 2386 nos
1039 2321 1134 2399 Deo,
1155 2313 1237 2412 prius
1248 2309 1279 2375 lo

224 2403 289 2472 fide
311 2398 605 2499 justireputamur
623 2417 756 2497 propter
766 2402 950 2485 Christum,
1005 2427 1081 2472 uam
1098 2399 1252 2490 diligimus
1262 2409 1282 2458 o

224 2483 331 2580 legem
344 2483 493 2566 laenmus,
514 2486 576 2580 'etsi
594 2485 773 2559 necessario
789 2486 935 2582 sequitur
949 2426 1100 2556 dileetio„
1129 2491 1236 2578 Neque
1249 2500 1278 2542 u

179 2623 182 2634 .
223 2597 265 2640 ro
281 2571 359 2638 lracc
373 2569 452 2639 fides
475 2584 523 2638 est
537 2569 641 2640 otiosa
656 2570 788 2653 notitia,
809 2595 866 2639 nec
880 2587 985 2666 potest
1000 2588 1086 2643 stare
1101 2575 1279 2662 cumpescuit

151 2738 155 2743 ,
223 2652 375 2736 mortali,
396 2652 454 2722 scd
467 2669 516 2722 est
530 2654 763 2749 opnsSpiritus
780 2653 897 2738 sancti,
921 2681 986 2753 quo
1002 2655 1278 2725 liberamuraroot·

222 2748 274 2823 t'e,
303 2735 554 2832 quoeriguntur
568 2754 599 2808 et
619 2737 821 2813 vivificantur
835 2739 1080 2833 perterrefactae
1096 2745 1226 2808 mentes.
1256 2733 1279 2798 Et

216 2871 218 2878 ,
249 2823 303 2912 uia
316 2820 386 2914 sula
399 2819 478 2891 haee
490 2821 570 2892 lides
583 2822 698 2918 accipit
712 2824 940 2898 remissionem
948 2829 1175 2920 pcccatorum,
1196 2837 1225 2891 et
1236 2812 1278 2914 rel·

222 2847 274 2980 dit
291 2931 351 2976 nus
375 2921 524 3003 acceptos
536 2911 626 2986 Deo,
653 2923 685 2976 et
707 2907 804 2978 affert
818 2907 1169 3004 Spiritumsauctum,
1197 2919 1278 2976 meno

222 2993 332 3064 vocari
347 2985 452 3092 gratia
465 3009 597 3084 matum
610 2992 877 3088 recompensem,
900 3017 1000 3092 quam
1017 2991 1153 3064 effectus
1169 3007 1280 3085 sequent

223 3077 371 3148 videlicet
384 3076 524 3146 dilectio.
583 3135 588 3145 Δ
670 3117 673 3128 ·
1265 3151 1270 3166 ⁰

229 3237 231 3244 ,
310 3167 471 3234 Hactenus
494 3161 572 3232 satis
588 3162 718 3258 copiose
738 3160 937 3234 ostendimus
963 3180 995 3235 et
1017 3159 1213 3236 testimoniis
1229 3179 1278 3226 sut·

221 3266 357 3344 pturae,
377 3263 409 3316 et
422 3245 620 3340 argumentis
634 3276 670 3316 ex
684 3249 843 3343 scripturn
859 3250 993 3332 sumtis,
1016 3265 1053 3317 ut
1066 3273 1120 3318 res
1136 3241 1278 3338 magisne

151 3400 154 3406 ,
223 3350 273 3402 ret
287 3332 476 3427 perspicuam
486 3333 575 3426 quod
591 3331 660 3406 sola
674 3333 736 3402 lide
754 3333 982 3427 consequimur
999 3332 1221 3404 remissionem
1232 3349 1279 3419 pet·

202 3434 369 3488 catorum
387 3431 521 3510 proptor
537 3414 722 3498 Christum,
754 3433 786 3488 et
805 3419 895 3512 quod
915 3419 984 3488 sula
1001 3419 1064 3489 fide
1088 3417 1278 3508 justificemur.

220 3502 284 3573 lroc
297 3519 361 3582 cst,
383 3526 421 3570 ex
438 3499 660 3591 inustis-justi
675 3501 869 3585 efficiamur,
890 3527 948 3580 mu
960 3511 1198 3604 regeneremur.
1239 3499 1278 3585 Fr,

220 3586 280 3656 cilc
301 3602 411 3656 autem
433 3528 570 3683 judicari
585 3601 710 3682 potest,
737 3610 837 3680 quam
859 3613 1038 3658 neccssaria
1058 3585 1101 3660 sit
1120 3585 1218 3677 hujus
1231 3577 1278 3650 filo

176 3735 178 3738 .
220 3669 382 3766 cognitio,
410 3693 488 3762 quoa
503 3671 539 3740 in
559 3669 620 3740 hac
635 3685 702 3740 una
716 3669 912 3764 conspicitur
924 3671 1047 3744 Christi
1061 3669 1222 3750 officium,
1243 3663 1278 3732 ll

219 3782 287 3826 uno
308 3753 484 3850 accipimus
504 3753 625 3852 chorri
644 3755 816 3842 beneficia,
836 3753 914 3826 haec
934 3781 1001 3826 una
1020 3755 1118 3826 affert
1138 3763 1246 3824 certam
1264 3757 1278 3811 tl

178 3854 200 3892 ·'
217 3844 347 3914 lirmam
369 3837 625 3926 consulationem
640 3837 705 3936 piis
726 3840 897 3912 mentibus.
940 3845 986 3910 Et
1000 3853 1127 3934 oportet
1142 3839 1180 3908 in
1193 3830 1277 3906 necte

217 3926 266 3996 sia
280 3941 388 3997 extare
401 3923 599 4007 doctrinam,
614 3941 658 3994 'ex
697 3949 739 3996 ua
756 3924 939 4020 concipiant
954 3925 1000 4020 pii
1016 3941 1236 4018 certamspem
1246 3939 1277 3986 u·

215 4009 308 4081 lutis.
343 4014 433 4084 Nam
445 4007 624 4084 adversarii
634 3950 806 4080 indeliciter
821 4009 996 4080 consulunt
1012 4007 1212 4102 homiuibus,
1225 4003 1277 4072 duo

211 4097 331 4190 jubent
345 4093 514 4177 dubitare,
540 4111 648 4192 ptrum
663 4118 902 4189 consequamur
914 4095 1139 4177 remissionem
1158 4103 1276 4192 peccam·

214 4205 299 4250 cunr.
348 4177 527 4333 (puomodo
548 4203 584 4246 nn
597 4195 703 4248 morte
724 4179 948 4250 sustentabunt
964 4205 999 4250 se
1023 4177 1093 4266 isti,
1121 4201 1181 4250 uun
1195 4170 1276 4244 delo

212 4264 276 4336 fide
291 4260 362 4333 nihi
394 4261 609 4347 audiverunt,
635 4263 693 4360 qui
709 4279 827 4360 putant
847 4261 1068 4338 rabinadum
1085 4255 1175 4347 esse,
1196 4271 1276 4332 utrum
