2610 4900
217 327 290 428 3'56
572 346 828 462 Catachismus
845 351 977 450 mnj0r.
1089 319 1093 331 ¹

44 543 46 550 “
99 586 101 594 1
205 520 574 627 ,risimposturis‘atque
598 532 669 600 deci
696 532 757 600 ulis
780 530 1039 602 circumductam
1063 527 1220 625 dispoliat.
1253 533 1287 602 ld

133 639 139 652 ¹
215 617 312 699 baec,
332 621 358 686 si
378 615 454 711 quis
469 615 571 685 aliurn
587 557 805 711 proiibidine
820 641 881 686 sua
896 630 1010 704 gravat
1032 616 1244 696 commerciis,
1259 617 1287 686 ad

95 747 97 754 ι
213 701 327 775 virum
342 723 446 798 usque
467 704 653 770 tondenset
669 702 826 772 crucians,
869 705 916 770 Et
936 699 1009 794 quis
1025 699 1103 769 baec
1117 701 1222 769 omnia
1234 701 1286 768 lao-

213 788 260 856 do
272 809 460 888 cpumerare
475 786 587 886 valet,
602 802 661 857 aut
676 787 888 878 excogitaret
901 785 940 884 ln
957 807 1104 866 summa,
1135 784 1210 885 hpec
1221 810 1285 883 cop·

213 897 407 942 muuessrma
432 893 581 940 ommam
602 895 657 940 ars
681 888 748 958 est,
776 887 809 942 et
828 895 977 939 nmmum
1000 893 1286 940 numerosrssrmau

213 957 307 1026 terris
330 953 497 1046 sodalitas.¹
537 960 626 1024 Nam
641 955 758 1050 siquis
786 956 946 1024 mundum
961 981 1023 1050 per
1045 977 1161 1024 omnes
1181 971 1286 1040 regatus

213 1043 344 1112 ordines
364 1055 452 1110 recto
478 1039 600 1110 ‘udicio
619 1040 918 1138 contemplabitur:
949 1035 1036 1108 nihil·
1057 1038 1183 1110 videbit
1204 1039 1284 1120 aliud,

211 1151 314 1280 poam
326 1125 440 1215 ingens
455 1149 475 1208 a
489 1124 641 1219 iquod‘et
658 1126 840 1221 spatiosum
852 1125 1043 1210 stabulum,
1073 1123 1165 1220 qnod
1188 1123 1284 1214 napi

10 1245 11 1274 r
230 1212 343 1280 nribus
364 1227 411 1280 est
422 1209 684 1280 refertissimum.

9 1299 10 1378 l
65 1294 101 1371 i'
135 1333 138 1340 .
218 1303 239 1328 ”
273 1296 397 1364 Unde
417 1319 548 1390 quoque
574 1291 817 1390 archipyratae,
848 1293 1024 1387 latrocinio
1052 1316 1284 1388 quaquaversum

9 1387 10 1406 ¹
250 1397 410 1462 assantes,
425 1395 516 1468 ‘recte
534 1378 705 1463 dicuntur,
722 1380 797 1451 hou
811 1381 966 1450 cistarum
989 1377 1230 1472 compilatores,
1247 1393 1284 1444 aut

168 1460 173 1489 '
229 1491 302 1534 ures
315 1465 518 1550 clancularii,
562 1467 596 1532 ui
613 1465 826 1534 substantiam
843 1457 984 1556 alicujtis
998 1463 1087 1531 furto
1103 1463 1282 1540 imminuunt

192 1552 269 1620 'sed
287 1548 344 1656 qui
360 1550 451 1622 domi
474 1491 635 1632 destinat,
666 1551 772 1640 magis
798 1551 953 1619 dicuntur
971 1570 1145 1641 proceres,
1173 1545 1282 1617 activo

211 1637 307 1730 probe
321 1651 352 1704 et
368 1633 504 1734 integri,
525 1636 586 1704 sub
604 1631 785 1705 honestatis
801 1649 972 1730 praetextu
988 1633 1116 1702 lurtum
1135 1649 1298 1722 exurentes}

211 1737 244 1792 et
260 1719 481 1790 latrocinium.
1297 1723 1298 1746 ¹

294 1806 358 1874 Sed
399 1816 507 1874 'ossent
521 1803 691 1896 praeteriri
707 1801 845 1885 silentio,
868 1803 1006 1900 quaeda
1023 1801 1135 1898 parvis
1148 1818 1179 1872 et
1186 1800 1280 1870 nullius
1297 1829 1298 1846 ¹

207 1892 366 1958 momenti
374 1827 503 1958 lucibus
521 1890 793 1972 memoravimus,
816 1913 895 1982 prae
910 1887 990 1972 illis,
1004 1908 1088 1989 quae
1107 1890 1150 1958 de
1163 1887 1280 1956 maximis

207 1973 274 2044 illis
290 1973 400 2041 surum
421 1974 939 2066 antesignanis'dicenda'essent,
972 1973 1169 2067 quibuscum
1191 1987 1279 2067 poter-

117 2077 120 2084 ’
207 2073 255 2126 tes
274 2075 306 2128 et
320 2058 440 2136 summi
454 2059 623 2154 Principes
637 2059 823 2129 societatem
837 2058 962 2140 ineunt,
985 2056 1040 2150 qui
1057 2081 1127 2126 nou
1141 2071 1278 2126 unamal-

230 2167 270 2212 ue
294 2141 431 2216 alteram
446 2144 565 2230 ,solum
589 2143 751 2213 civitatem
774 2141 952 2236 compilare
973 2142 1098 2224 solent,
1128 2144 1186 2212 sed
1207 2157 1277 2210 marr

124 2251 129 2255 ·
158 2229 162 2238 ’
207 2227 421 2298 laermaniam
440 2228 585 2324 quotidie
605 2227 785 2324 compilant
811 2243 907 2322 atque
929 2225 1107 2296 denudant.
1161 2233 1225 2296 bno
1243 2223 1277 2318 uli

113 2395 115 2402 Α
204 2329 365 2397 maneret,
388 2337 473 2409 quae
485 2313 587 2384 totius
603 2313 720 2382 mundi
735 2337 813 2408 opes
827 2312 939 2381 furtim
960 2313 1001 2380 ad
1016 2337 1051 2380 se
1062 2312 1193 2405 rapuit,
1215 2327 1242 2379 et
1257 2333 1277 2374 u

124 2417 128 2444 ¹
203 2398 289 2468 hunc
311 2423 415 2494 usque
432 2394 518 2468 diem
535 2398 697 2504 possidet,
725 2397 919 2468 defensatrix
942 2395 1003 2465 illa
1024 2408 1057 2466 et
1077 2413 1178 2492 caput
1196 2395 1275 2466 suren

204 2484 352 2553 omnium
367 2499 497 2566 sancta,
519 2507 547 2555 sr
562 2487 633 2552 Deo
643 2480 773 2589 placet,
795 2482 887 2552 sedes
903 2485 1074 2551 Romana?
1268 2560 1274 2574 ο

287 2563 457 2650 Breviter,
489 2567 536 2637 ita
556 2569 626 2658 jam
648 2593 683 2636 m
702 2567 828 2642 mundo
848 2582 1073 2662 comparatum
1097 2581 1168 2649 est,
1195 2581 1274 2658 atqu

159 2733 162 2740 Ι
203 2649 377 2748 propalam
397 2649 503 2720 furari
523 2675 561 2720 ac
581 2651 733 2746 praedari
749 2653 860 2734 novit,
888 2650 917 2719 is
938 2674 1089 2722 concessa
1109 2649 1274 2747 impunitate

197 2738 242 2806 'ab
259 2735 411 2804 omnibus
431 2734 533 2804 libere
551 2753 583 2804 et
599 2757 710 2809 secure
733 2747 829 2825 agat,
849 2733 930 2831 quin
943 2751 976 2805 et
989 2733 1152 2804 honorem
1164 2736 1222 2806 sibi
1234 2733 1272 2799 de

177 2851 180 2859 2
199 2820 279 2888 ferri
293 2819 454 2916 postulet:
478 2820 572 2914 parri
589 2820 720 2890 interim
738 2835 772 2889 et
788 2819 974 2892 clancularii
992 2817 1045 2886 illi
1061 2823 1172 2897 sures,
1199 2813 1271 2888 send

197 2905 233 2973 iu
248 2905 337 2974 sueto
352 2905 560 3000 deprehensi,
583 2905 721 2977 dedecus
737 2921 769 2975 et
790 2928 930 2997 poenam
977 2907 1119 2988 erlerre,
1144 2904 1270 2984 illorum·

199 3011 261 3060 cue
282 2989 485 3060 honestatem
500 2991 696 3082 ‚confirmare
717 3007 886 3079 cogantur.
980 3001 1181 3060 eruutamen'
1195 2987 1269 3083 sciapt

163 3149 169 3158 ¹
195 3075 206 3140 i
223 3073 246 3156 ll
256 3127 266 3160 ‚
288 3099 321 3144 se
336 3099 444 3146 coram
461 3081 533 3146 Deo
549 3075 638 3145 sures
654 3100 723 3144 esse
743 3075 894 3144 omniurn
910 3074 1088 3161 maximos„
1119 3075 1172 3160 cui
1191 3090 1219 3146 et
1235 3072 1268 3138 dt·

196 3164 302 3252 guas,
320 3163 401 3259 quas
417 3161 525 3230 meriti
538 3176 630 3243 sont,
652 3177 775 3256 poenas
789 3175 865 3228 sunt
880 3158 1002 3229 daturi.
1101 3227 1104 3232 .

138 3328 141 3337 Ι
284 3247 369 3314 Cum
380 3248 426 3314 rta'
451 3271 490 3316 uc
506 3245 568 3315 hoc
579 3261 786 3352 praeceptum
794 3261 861 3314 tam
875 3244 992 3327 multa,
1013 3259 1052 3313 ut
1067 3251 1266 3334 ostensumetl

193 3328 311 3412 modo,
335 3271 582 3426 compiectatui3
604 3327 822 3399 necessarium
839 3345 905 3413 est,
935 3347 973 3398 ut
988 3329 1068 3398 haec
1096 3325 1265 3419 vulgudih-

151 3495 155 3504 Α
189 3429 302 3506 genter
316 3425 541 3509 proponantur
551 3421 585 3483 ‘et
600 3413 830 3508 explanantem
853 3439 934 3483 neve
948 3431 1015 3490 tam
1032 3437 1146 3484 secure
1161 3411 1264 3483 ethbe-

88 3539 92 3550 1
121 3563 123 3572 ,
189 3521 228 3564 re
243 3523 299 3566 eos
312 3497 402 3576 abire
414 3499 600 3604 patiamur,
622 3497 679 3568 sed
697 3497 835 3568 subinde
851 3499 934 3568 iram
958 3497 1022 3568 Dei
1042 3498 1088 3568 eis
1110 3501 1154 3570 ob
1172 3493 1263 3567 oculo

121 3632 124 3645 »
188 3595 351 3674 ponamus
365 3600 397 3652 et
412 3581 624 3653 inculcemus.
666 3588 714 3652 Ne
738 3609 779 3652 ue
793 3583 880 3651 enim
899 3583 976 3652 talia
992 3581 1204 3664 Christianis,
1223 3601 1262 3644 ve

136 3670 138 3676 ’
183 3689 260 3734 rum
289 3667 436 3736 omnium
465 3667 605 3740 maxime
634 3609 853 3738 nebulonibus
878 3668 1125 3763 praedicamus,
1168 3663 1260 3758 quibet

99 3829 101 3834 ,
183 3749 293 3820 multo
305 3747 426 3844 'justius
441 3753 541 3843 judex
556 3769 614 3822 ant
629 3751 775 3822 minister
788 3741 926 3838 carceris
945 3769 1002 3824 aut
1024 3751 1167 3823 carnifex
1179 3771 1259 3845 'pree-

23 3901 25 3908 .
108 3916 110 3922 s
185 3833 316 3906 dicaret
359 3842 574 3940 Quapropter
587 3836 728 3931 quilibet
740 3841 829 3920 sciat,
853 3839 912 3933 qui
927 3837 1061 3934 quidem
1080 3837 1257 3906 iratumlle·

43 3924 45 3935 *
160 3941 239 3988 ‘um
257 3921 398 4014 experiri
411 3921 513 4004 nolit,
536 3921 600 3992 sibi
613 3938 817 4015 oraeceptum
833 3944 921 4006 esse,
945 3939 982 3994 ut
995 3947 1062 3992 non
1078 3919 1186 3992 'solum
1216 3937 1256 3982 ro

179 4001 270 4074 ximo
291 4031 359 4074 uon
379 4007 534 4076 damnum
563 3969 698 4089 inierat,
727 4022 784 4076 aut
807 4009 878 4100 ejus
897 4007 1035 4078 invertat
1056 4032 1181 4076 commo
1203 4023 1252 4074 uta

117 4165 123 4176 1
177 4101 285 4188 neque
301 4091 336 4158 ih
350 4091 551 4164 commerciis
565 4109 622 4160 aut
636 4091 854 4177 contractibus
868 4091 937 4167 ulla
952 4092 1108 4186 perfidia,
1138 4084 1251 4158 simult-

177 4189 284 4258 none,
306 4193 363 4246 aut
381 4177 458 4246 dolo
477 4176 566 4254 malo
583 4175 724 4245 eundem
748 4175 986 4247 circumducat:
1014 4178 1073 4247 sed
1098 4174 1203 4260 eriam
1226 4179 1251 4231 ¹¹²

153 4339 155 4346 ,
175 4260 246 4366 ejus
257 4260 345 4332 bona
358 4283 477 4358 magna
490 4273 563 4336 cum
576 4261 641 4336 lide
657 4264 881 4356 toreumata
893 4263 1249 4350 commoditatem-qut·
