2750 4902
286 333 288 342 '
375 410 378 424 Ι
475 315 731 421 'Augustann
891 333 899 349 “
1124 315 1172 396 31

72 493 155 576 dato
172 515 207 574 et
220 493 421 572 ordinationi
437 493 516 572 Dei.¹
556 495 652 586 Quid
669 509 775 594 potest
796 508 908 581 eontra
930 491 1010 568 haee
1031 495 1176 592 opponit
1217 487 1219 494 ¹

70 594 257 680 Exaggeret
268 583 311 656 ali
358 582 386 652 is
402 577 633 675 obligationem
649 581 735 665 voti,
758 597 916 676 quantum
938 581 1043 667 volet,
1066 598 1175 655 tamen
1239 623 1241 628 ·

70 699 139 756 noa
151 671 272 767 poterit
288 694 306 740 e
344 692 435 751 cere,
464 683 627 738 utrotum
644 665 735 739 tollat
747 665 938 736 mandatnm
954 665 1029 736 Dei.

158 759 309 828 Canones
340 753 475 844 docent,
490 751 537 822 -in
558 752 647 834 omni
668 768 746 822 voto
775 755 829 844 jus
858 769 897 820 su
939 775 1036 820 noris
1059 751 1175 854 excipi,

70 867 173 940 qnare
188 839 292 910 multo
306 833 509 934 minothaea
524 853 721 908 votaeontra
738 775 971 914 mandataliei
985 834 1101 908 valent.
1188 913 1192 932 ‚
1230 905 1232 923 ,
1280 845 1283 853 '

22 977 23 982 η
157 921 302 1026 Quodsi
327 919 482 1013 obligatio
503 939 652 992 votorum
675 919 780 992 nullas
803 919 938 992 baberet
958 945 1087 1005 causas,
1116 949 1175 994 cur
1248 935 1253 942 “

69 1027 191 1080 mutan
205 1005 319 1104 possit,
340 1031 400 1076 nec
414 1006 559 1092 Romani
574 1005 747 1090 Pontifices
764 1005 1015 1100 dispensassent.
1057 1011 1174 1104 Neque

71 1095 160 1164 enim
181 1093 257 1162 lieet
278 1089 405 1160 bomini
425 1089 680 1180 obligationem,
709 1115 792 1186 quae
811 1082 1003 1186 simgilieiter
1024 1108 1072 1162 est
1090 1094 1174 1188 juris
1282 1094 1287 1104 '
1339 1140 1342 1161 .

22 1259 25 1265 ¹
70 1181 192 1258 drvrnr,
221 1175 417 1246 rescindere.
474 1176 540 1244 Sed
592 1175 747 1247 rudenter
778 1175 1004 1269 judicaverunt
1030 1179 1173 1257 Romani
1268 1233 1274 1247 ,

68 1261 262 1346 Pontifices,
284 1259 482 1356 aequitatem
508 1260 622 1350 inme
646 1260 841 1354 obligatione
856 1253 1075 1332 adhibendam
1092 1287 1184 1337 esee„

68 1349 153 1416 Ideo*
164 1369 262 1441 saepe
277 1346 318 1440 de
333 1345 420 1416 votis
435 1342 635 1438 dispensasse
649 1344 810 1440 leguntur.
851 1349 941 1415 Nota
964 1362 1013 1416 est
1035 1345 1173 1420 historia
1224 1363 1227 1372 “

90 1459 108 1500 e
132 1437 223 1586 Rege
245 1435 470 1531 Arragonnm,
484 1445 655 1528 ²revocato
686 1455 724 1501 ex
746 1428 968 1515 adsumseris,
1003 1447 1038 1502 et
1064 1449 1173 1504 eatam

66 1542 159 1587 exem
195 1529 338 1585 anostra
352 1532 522 1606 temporis.
724 1551 726 1558 ι
799 1524 803 1535 “

155 1543 297 1684 deinde,
319 1625 377 1670 cur
392 1597 631 1704 obligationem
646 1615 841 1690 exaggerant
853 1599 1029 1672 adversarii
1046 1625 1103 1686 seu
1120 1599 1172 1672 el-

57 1685 190 1758 dectum
202 1685 290 1766 voti,
312 1709 387 1754 eum
400 1683 531 1752 interam
549 1681 589 1753 de
601 1683 673 1778 ipsa
690 1684 757 1752 voti
778 1701 898 1754 natura
916 1683 1050 1768 sileant,
1082 1689 1171 1788 quod

60 1769 164 1844 debet
189 1791 263 1858 esse!
285 1768 320 1838 in
337 1791 376 1838 re
398 1767 563 1862 possibili,
597 1770 688 1864 quod
717 1770 814 1839 debet
839 1793 909 1840 esse
938 1768 1168 1854 voluntarium,
1232 1817 1235 1826 ·

39 1931 41 1936 ,
60 1871 182 1953 sponte
206 1870 239 1924 et
258 1852 406 1926 consulto
424 1869 626 1946 conceptum.
668 1859 732 1936 At,
762 1855 929 1950 quomodo
948 1854 993 1924 sit
1016 1853 1052 1924 in
1074 1874 1169 1952 pote·

59 1955 148 2016 state
173 1936 315 2009 bominis
330 1955 486 2034 perpetua
500 1937 644 2022 castitas,
668 1957 800 2016 nonest
818 1939 829 2009 i
876 1955 978 2010 otum.
1019 1944 1168 2036 thuo-

57 2023 257 2124 tusquisqne
270 2039 387 2117 sponte
402 2039 433 2094 et
448 2022 721 2095 consultaverit?
748 2023 826 2120 puel
841 2048 880 2094 ae
896 2041 928 2102 et
937 2023 1183 2112 adolescentus‚‘

55 2113 256 2210 priusquam
267 2109 412 2201 judicare
424 2125 569 2206 possunt
591 2107 830 2203 persuadentur
840 2109 884 2178 ad
900 2111 1096 2203 rorandum,
1112 2111 1167 2182 inss
1262 2141 1264 2150 ¹

56 2198 193 2268 terdur'n
209 2193 309 2264 etiam¹
321 2199 493 2285 eoguntur.
537 2197 650 2282 Quare
664 2215 731 2272 nnn
748 2209 802 2266 ‘est
816 2218 958 2288 aequum
978 2211 1046 2265 tarn
1061 2195 1168 2288 rigide

55 2284 98 2352 de
107 2275 313 2375 obligatione
328 2277 380 2348 dis
405 2295 509 2359 utare,
521 2303 603 2356 eum
612 2302 723 2348 ornnes
733 2271 894 2348 fateantur
909 2295 1019 2349 nonna
1026 2282 1095 2352 voti
1104 2299 1166 2350 na·
1284 2311 1289 2320 ¹

57 2383 166 2437 turam
182 2385 275 2445 esee,
298 2387 366 2458 quo
411 2388 479 2434 non
498 2378 631 2462 sponte,
658 2364 748 2457 quod
762 2361 953 2437 inconsulto
976 2364 1166 2438 admittitur.

143 2450 231 2524 Pleni
248 2471 300 2516 'ue
315 2450 465 2521 Candnes
478 2446 666 2518 reseratum
681 2464 756 2516 vota
771 2463 846 2518 ante
858 2471 980 2518 annum
989 2452 1065 2532 XV.
1087 2476 1163 2522 eon·
1215 2471 1216 2478 ¹

56 2553 174 2619 nacta,
199 2558 278 2629 qnia
297 2531 481 2614 anteillam
496 2547 634 2602 aetatem
650 2532 857 2616 nonvidetur
880 2547 1005 2603 tantum
1025 2557 1094 2606 essa
1112 2537 1164 2604 'u-
1215 2559 1218 2572 ·
1283 2601 1285 2606 ,

12 2663 13 2668 1
51 2621 151 2704 dicii,
174 2638 211 2690 ut
222 2621 262 2691 de
277 2637 439 2721 perpetua
450 2617 516 2686 ulta
532 2616 685 2716 constitui
700 2619 811 2717 possit
852 2615 946 2686 Atius
962 2620 1079 2689 Canon
1090 2563 1165 2716 plus
1210 2695 1212 2700 ,

55 2707 236 2779 concedens
250 2705 425 2774 bominum
442 2699 675 2781 imbecillitati,
698 2703 789 2801 addrt
804 2725 906 2774 annos
921 2700 1058 2800 aliquot,
1079 2725 1165 2780 vetat

53 2791 229 2862 animante
246 2792 503 2860 annumXVllI·
532 2802 646 2878 votum
662 2789 743 2858 lien.
763 2787 830 2874 sed
845 2803 954 2857 unnim
969 2813 1002 2858 se
1050 2799 1164 2864 emur?

52 2875 198 2946 maxima
213 2899 290 2972 pars
306 2873 403 2944 babet
417 2873 677 2955 excusationem,
708 2897 766 2943 cur
783 2870 983 2943 Monasteria
1080 2891 1163 2963 rant,
1207 2895 1210 2906 ·
1242 2925 1251 2950 ,,
1320 2905 1322 2914 ⁴

56 2959 136 3052 quia
176 2958 290 3028 lurimi
304 2977 377 3032 ante
392 2957 478 3028 banc
492 2965 631 3039 aetatem
647 2973 818 3046 voverunt.
1229 3005 1231 3012 ,

111 3101 116 3112 ,
171 3057 333 3126 ostremo,
360 3039 490 3112 etiamsi
505 3039 573 3116 voti
586 3039 938 3144 violatio‘reprebendi
960 3041 1164 3148 possen-tad

54 3151 132 3198 men
148 3151 217 3198 non
234 3125 364 3196 ridetur
378 3127 489 3199 statim
505 3152 539 3196 se
564 3125 617 3210 ui,
641 3127 734 3222 quod
750 3127 902 3218 conjugia
913 3125 1033 3200 -talrum
1046 3157 1162 3226 perso-

53 3237 172 3282 narum
189 3209 396 3282 dissolvenda
405 3211 484 3301 ¹sint.
560 3235 615 3282 am
629 3212 832 3303 Augustinus
847 3228 945 3301 negat
955 3216 1075 3306 debere
1093 3215 1163 3286 dis-

53 3296 312 3382 solvi,XXV11.
335 3295 588 3392 quaest.1.‘cap.
629 3295 843 3390 Nuptiarum,
863 3298 956 3388 cujus
969 3325 1035 3371 non
1050 3318 1098 3374 est
1111 3301 1161 3374 le·
1283 3343 1287 3354 ·
1356 3315 1357 3324 ’

53 3379 321 3465 visodonius,
345 3379 546 3452 etiamsialii
585 3397 674 3452 ostea
688 3379 784 3450 aliter
797 3384 977 3456 senserunt.
1136 3459 1138 3466 ,
1223 3409 1226 3418 ’
1282 3474 1285 3480 ,

134 3469 220 3554 ‚Qua
264 3489 339 3537 uam
356 3477 464 3536 autem
484 3407 674 3538 mandatum
690 3466 756 3536 Dei
776 3465 817 3538 da
842 3467 997 3564 conjugio
1014 3468 1163 3572 videatur
1353 3473 1356 3536 ἰ

50 3549 227 3648 plerosque
261 3551 386 3622 iberare
409 3573 438 3620 a
455 3549 558 3635 votis,
578 3569 688 3622 tamen
711 3549 857 3622 afferunt
879 3553 982 3627 no'stri
1006 3556 1160 3626 etalram

50 3636 213 3706 rationem
243 3636 284 3708 de
302 3635 417 3735 votis,l
434 3637 526 3739 quod
553 3637 619 3708 sint
648 3635 761 3720 irrita,
797 3636 876 3730 quia
908 3637 1015 3709 omnis
1050 3640 1160 3710 cultus

51 3721 137 3805 Dei,
165 3721 206 3792 ab
223 3719 413 3792 bominibus
429 3740 500 3800 sane
513 3723 666 3794 mandato
680 3721 745 3790 Dei
758 3715 970 3796 lnstimtuset
983 3723 1103 3794 electus
1116 3727 1159 3798 ad

76 3806 306 3876 romerendam
323 3802 581 3877 ‘ustificationem
598 3822 631 3877 et
643 3805 803 3900 gratiam,
832 3804 880 3876 im
904 3805 1047 3895 ineest,
1074 3809 1160 3882 sieut

52 3829 202 3959 dhristus
224 3890 286 3962 aits
315 3833 463 3962 l'rustra'
486 3889 602 3962 colunt
626 3915 680 3960 me
700 3891 862 3962 mandatis
881 3829 1069 3964 lominum.
1111 3899 1158 3968 Et
1217 3930 1219 3936 ’

49 3972 176 4042 Paulus
189 3973 311 4068 ubique
324 3977 436 4062 docet,
457 3977 617 4070 justitiam
632 3997 700 4047 non
715 4001 786 4048 esse
803 3979 1022 4072 quaerendam
1040 4005 1078 4050 ex
1092 4003 1156 4050 no-
1350 4013 1352 4018 ’

50 4055 127 4126 stris
145 4057 425 4131 observationibus
440 4078 473 4133 et
490 4059 646 4146 cultibus,
714 4061 813 4132 isint
833 4062 1003 4156 excogitati
1023 4064 1063 4134 ab
1088 4062 1154 4134 bo·-
1214 4066 1218 4082 ’

47 4142 212 4226 minitas,
237 4145 292 4213 sed
308 4146 494 4235 contingere
509 4161 663 4244 eam-per·
704 4149 796 4236 dem,
815 4146 1022 4222 credentibus
1047 4173 1082 4220 se
1095 4175 1152 4219 re·
1305 4163 1308 4168 '
1348 4159 1351 4172 '

49 4226 112 4323 cipi
126 4226 320 4355 ingratiam
336 4234 444 4342 aDeo
463 4228 806 4336 propter-Christano
866 4237 869 4244 “
1058 4257 1061 4260 ·
