2564 4902
820 231 828 248 ,1
845 159 856 196 Ι.
920 191 945 232 l
975 211 977 220 ‹

126 309 132 331 ’
299 333 450 448 nocuo
475 364 718 464 enecuere,
760 323 763 330 ⁴
802 373 836 426 ¹·
893 331 916 352 ⁸
984 374 1062 484 ner
1150 469 1155 486 ι

14 537 62 634 t,
78 575 228 648 qoeccun
255 547 403 623 uelocis·
438 555 509 625 ttoc
530 551 616 624 enirn
639 553 720 650 quid
743 551 833 626 allud
854 546 975 627 fficium
1000 563 1076 642 est,¹

22 689 33 718 ,
64 636 146 706 licet
162 637 244 708 in'C
268 636 526 717 ristomcredas,
550 630 735 729 etrolunia,
759 665 844 736 quae
859 641 900 710 acl
922 641 1061 713 salutern

11 722 142 792 msario
158 736 251 803 sunt,
272 721 309 790 in
326 719 337 789 i
363 722 486 796 sosolo
504 721 644 806 habeas,
671 740 780 797 tamen
800 741 831 796 te
850 723 938 796 nihil
950 729 1061 828 proli-

11 835 44 888 ε,
68 806 136 875 nisi
157 811 284 902 Papam
299 803 321 874 t
366 829 419 875 eas
436 822 468 876 et
480 805 568 877 colae
582 824 619 878 ut
630 809 739 879 Deum
752 825 854 892 tuum,
877 826 908 896 et
930 837 961 883 er
977 812 1061 884 sub*

11 914 44 958 rs
63 891 111 959 sis
124 906 159 959 et
172 890 328 960 obedias?
364 915 440 960 curn
465 907 574 962 tamen
599 893 806 968 manifestum
829 893 888 976 s'it,
917 905 1060 968 sanctam
1139 926 1149 954 s

11 975 142 1046 :lesiaut
165 975 346 1068 sine·Papa
368 973 470 1044 fuisse
495 975 539 1045 ad
564 976 736 1064 minimum
758 976 847 1048 ultra
862 981 1059 1082 quingentos
1077 986 1099 1054 s

11 1083 82 1142 ros,
108 1058 260 1136 etadhne
278 1059 377 1135 hodie
391 1064 592 1130 Graecorum
608 1063 824 1132 etmultarutn
835 1063 974 1136 alrarum
991 1066 1060 1137 lin-

11 1171 101 1213 rum
123 1144 286 1212 Ecclesiae
300 1170 359 1214 nec
378 1144 479 1218 luisse
499 1143 671 1228 hactenus,
700 1173 760 1217 nec
781 1148 887 1220 adhuc
907 1175 976 1221 esse
998 1153 1059 1222 sub

11 1253 61 1316 ra.
106 1236 231 1312 Taceo,
254 1231 363 1322 quod,
382 1245 420 1298 ut
442 1251 538 1324 saepe
562 1231 685 1300 dictu'm
708 1247 774 1314 estt
804 1232 975 1305 hominurn
997 1235 1060 1310 hoe

11 1329 155 1382 nentem
171 1315 229 1397 sit,
252 1339 319 1382 non
334 1315 544 1398 mandatum,
567 1335 635 1383 non
652 1317 888 1402 necessarium,
909 1345 975 1390 non
988 1322 1059 1392 oti-

42 1401 165 1480 Sancta
179 1397 269 1484 enim
285 1398 476 1468 Christiana
501 1397 567 1468 sive
591 1399 761 1470 Catholica
785 1401 934 1472 Ecclesia
947 1405 1059 1486 consi.
1167 1401 1194 1420 '‘

11 1513 39 1584 ’ς
56 1484 183 1578 absque
200 1483 263 1551 isto
280 1483 528 1585 capitetoptime
551 1499 675 1580 potest,
705 1501 736 1554 et
760 1489 953 1558 constitisset
976 1507 1060 1560 certe
1175 1539 1180 1544 -

11 1589 99 1651 trus,
121 1593 159 1638 ac
176 1568 292 1636 melius
307 1595 379 1638 cum
394 1594 432 1636 ea
447 1586 624 1660 ageretur,¹
640 1570 706 1637 nisi
725 1569 873 1640 diabolus
894 1572 981 1642 illud
1002 1599 1059 1644 ca·

33 1655 71 1720 in
104 1653 248 1722 medium
279 1654 470 1746 projecisset
492 1669 524 1732 et
542 1653 724 1732 exaltasset
773 1659 1059 1742 Etcertumest,
1171 1716 1175 1732 .

11 1755 123 1808 ratum
139 1737 264 1807 nullius
280 1761 347 1808 esse
361 1763 439 1808 usus
453 1740 487 1807 in
505 1737 667 1824 Ecclesia,
697 1738 775 1831 quia
795 1739 924 1810 nullum
940 1742 1059 1812 Eccle*

11 1821 127 1893 'sticum
145 1813 287 1894 officium
302 1835 433 1896 e'xereet.
475 1827 521 1892 Et
538 1847 666 1894 necesse
691 1841 758 1912 est,
786 1823 966 1898 Ecclesiam
981 1853 1060 1923 per-

11 1934 93 1976 nere
110 1906 326 1977 etsensistere
352 1906 422 1977 sine
438 1911 541 2002 Papa.

45 1997 140 2062 Porro
157 2008 281 2076 autem,
300 1997 429 2094 Papam
445 1991 543 2064 lateri
558 2017 593 2062 se
604 1999 675 2066 'non
689 1997 762 2088 jure
777 1994 907 2082 divirio,
928 1993 995 2068 sire
1019 2021 1060 2068 ex

11 2079 115 2148 ndate
139 2077 203 2146 Dei
229 2101 298 2148 esse
321 2101 534 2178 supremump
552 2079 626 2164 sed,
648 2096 685 2150 ut
707 2081 878 2168 concordia
903 2097 934 2152 et
950 2083 1067 2174 unitas*
1094 2150 1100 2165 ,

11 2162 223 2234 ristianorum
243 2164 396 2232 adversus
420 2180 573 2232 sectarios
591 2180 624 2232 et
648 2163 827 2239 haereticos
853 2168 1060 2242 commodius

11 2247 143 2318 rsenvari
158 2249 281 2341 possit,
304 2263 401 2341 eaput
416 2263 623 2316 certum-csse
641 2247 843 2340 eligendum,
872 2249 924 2319 eui
941 2251 1069 2339 caeteri
1147 2271 1167 2334 J

13 2357 74 2400 nes
91 2332 184 2428 quasi
193 2331 391 2418 innitantur,
415 2348 512 2425 atque
526 2331 702 2428 tale'caput
716 2351 775 2429 per
796 2333 944 2404 homines
965 2335 1009 2404 eli
1034 2334 1057 2418 i,
1086 2409 1087 2412 Ἴ
1167 2337 1168 2349 ’

14 2443 39 2484 n
58 2416 230 2499 hominum
245 2425 376 2510 quoquc
394 2416 551 2486 electione
568 2433 773 2511 etpotestate
793 2418 895 2488 situm
911 2443 991 2502 esse,
1012 2362 1059 2494 il,-

11 2507 21 2569 l-
34 2518 133 2594 caput
147 2516 183 2568 ut
201 2518 301 2574 mutet
316 2518 348 2573 et
359 2503 545 2582 semoveat,
569 2501 650 2576 sieut
670 2505 919 2592 Constantiense
936 2504 1079 2574 Conci-⁴.

12 2615 42 2656 m
60 2586 120 2655 hac
134 2585 374 2680 propemodum
387 2585 513 2658 ratione
528 2601 591 2656 tres
607 2586 885 2680 Papasremovit,
908 2604 940 2658 et
955 2603 1059 2684 quar·

12 2670 165 2762 relegit:
188 2695 297 2764 pono,
318 2671 473 2766 inquam,
494 2669 606 2742 haeca
629 2677 721 2766 Papa
742 2687 773 2742 et
802 2673 877 2743 sede
905 2677 1062 2744 Romana
1120 2695 1124 2700 ’

14 2757 87 2828 dici
105 2772 136 2824 et
149 2754 269 2848 accipi,
303 2756 410 2862 (puell
433 2772 542 2826 tamen
563 2755 768 2852 impossibile
781 2774 856 2855 ‘estc
876 2757 938 2828 ,sic
969 2759 1059 2830 enim

12 2865 150 2911 versum
165 2865 260 2910 suum
276 2865 415 2931 regnum
431 2857 597 2912 etstatum
621 2843 807 2925 immutare,
835 2840 933 2913 everti
949 2860 981 2914 et
997 2846 1059 2913 ‹le-
1108 2867 1109 2878 ¹
1163 2855 1167 2862 '
1214 2857 1219 2866 '

12 2926 35 3017 ti
58 2940 243 3021 pateretur,
266 2925 440 3020 omniaque
461 2929 536 3018 jura
557 2941 589 2994 et
605 2926 773 2996 volumina
796 2950 875 3011 sua,
899 2927 933 2997 id
956 2926 1060 3024 quod,
1117 2957 1120 2966 ·
1149 3001 1153 3019 .
1176 2941 1179 2950 ⁴

12 3014 125 3084 raucis
139 3011 262 3093 dicam,
284 3033 452 3102 nunquam
476 3008 582 3094 faciet)
611 3027 720 3081 tamen
744 3035 852 3104 neque
875 3009 938 3082 hoc
955 3013 1060 3086 modo

12 3094 186 3168 fsuleretur
204 3093 371 3164 Ecclesiae
395 3093 624 3194 Christianae,
655 3097 711 3165 secl
728 3089 861 3188 plures,
878 3117 982 3248 poam
997 3119 1064 3194 ειυς,

16 3235 27 3268 ,
57 3197 159 3250 sectae
176 3178 320 3250 oriturae
333 3191 447 3248 essent.
490 3183 528 3248 Sr
541 3192 627 3248 emm
651 3199 719 3247 non
739 3205 778 3248 ex
800 3203 876 3248 man
900 3194 955 3250 ato
981 3183 1062 3266 Der,

12 3291 75 3338 um
89 3291 126 3334 ex
136 3262 279 3333 hominis
290 3261 393 3334 libera
402 3259 678 3360 voluntateeepiti
693 3261 749 3332 isti
762 3262 946 3334 obedientia
960 3289 1063 3360 prae·-

12 3353 79 3424 nda
92 3365 193 3433 esset,
218 3346 316 3417 facile
338 3361 372 3417 et
393 3345 486 3419 brevi
511 3349 899 3442 tempore'contemtunr,
926 3349 1063 3432 tandem
1140 3369 1144 3377 ¹

12 3437 93 3506 lum
103 3434 290 3503 membrum
303 3431 471 3514 retineret,
489 3456 553 3502 nec
567 3433 666 3502 etiam
678 3458 739 3529 per
764 3447 838 3503 etuo
861 3437 987 3505 Romae
1002 3451 1063 3507 aut

12 3521 82 3592 ovis
97 3519 163 3589 alio
177 3516 213 3586 in
226 3517 298 3596 loce
316 3516 402 3590 illud
415 3539 484 3586 esse
501 3533 684 3612 oporteret,
705 3542 720 3586 s
784 3517 968 3612 ubicunque
978 3523 1011 3590 et‘
1024 3517 1062 3590 iu

12 3597 521 3700 ecunqueEcclesiaDeusvirutn
538 3601 670 3685 talem‚²
694 3601 780 3671 uiad
793 3618 922 3673 tantum
938 3625 1062 3674 munus

12 3690 153 3758 eundum
174 3686 317 3756 idoneus
331 3701 434 3771 esset,
458 3684 644 3780 largiretur.
721 3709 842 3757 aceres
857 3686 1063 3784 perplexaet

12 3771 164 3843 'effusionis
179 3771 278 3868 plena
294 3772 408 3841 lutura
424 3787 518 3841 esset.
863 3811 870 3828 ·
1056 3793 1058 3798 ·
1086 3809 1091 3814 -

54 3861 262 3956 Quapropter
270 3855 416 3927 Ecclesia
428 3875 601 3950 nunquam
616 3853 734 3928 melios
747 3853 921 3948 gubernari
937 3873 969 3928 et
980 3881 1063 3950 oon-¹
1144 3867 1154 3884 ·

12 3965 90 4010 vari
113 3957 236 4038 potest,
259 3965 373 4036 ·quam
395 3943 424 4009 sl
445 3955 558 4010 omues
581 3939 642 4010 sub
663 3965 731 4012 uno
753 3939 858 4036 capite
906 3943 997 4038 quod
1013 3957 1065 4018 est

13 4026 139 4110 uirtus,
159 4023 320 4110 vivamus,
344 4023 377 4094 et
390 4025 547 4120 Episcopi
561 4045 686 4114 omnes,
703 4049 804 4178 parea
821 3989 909 4096 ollio

13 4135 112 4208 :pares
121 4109 197 4192 sint,
221 4112 345 4203 quoad
359 4109 461 4193 dona)
476 4131 604 4180 stimma
617 4128 698 4180 cum
731 4109 883 4201 tligeutia
897 4109 1067 4211 coninneci

13 4211 34 4265 rt
49 4193 264 4271 unanimitate
282 4193 466 4279 doctrinae,
483 4193 571 4275 fidei,
589 4211 876 4282 sacramentorum,
891 4211 1065 4284 orationes,

16 4303 151 4380 operum
171 4278 335 4373 caritatis,
366 4295 427 4362 etc.
448 4279 533 4358 sicut
552 4283 588 4358 S.
608 4274 828 4376 reectum
847 4277 979 4371 reneis,
1008 4305 1065 4358 ea.
1126 4301 1129 4306 ·

902 4367 938 4456 Q

899 4025 943 4110 ‘o,
970 4024 1065 4116 (lieet
1139 4053 1165 4112 v·

1029 4469 1041 4500 Ι
1122 4465 1124 4470 χ
