2610 4900
165 382 168 390 ·
234 341 310 432 346
417 362 424 387 ··
494 403 502 420 ,.
539 431 542 440 ,
577 287 1001 446 Cuteihismusmajor.

257 515 528 620 eriude'ageqtes,
548 547 585 592 ac
604 521 738 594 si'Deus
753 524 872 596 liberos
887 543 1012 608 tanturm
1030 525 1064 594 in
1086 523 1284 596 bocnobisde-

230 548 421 692 disset'l'ut
439 607 541 680 animi
563 608 695 678 fallendi
717 601 825 698 gratia
846 611 942 683 nobis
965 609 1127 706 voluptati
1148 627 1237 680 essent
1251 629 1286 690 ant

232 693 489 772 delectamento;
511 708 674 788 praeterea
689 693 848 764 familiam
870 711 996 766 tautum
1014 696 1047 763 in
1063 695 1136 784 boc,
1155 713 1285 765 utcattn-

258 803 334 846 uam
354 779 436 848 bove
453 794 510 846 aut
529 781 620 846 asino
638 805 735 868 opere
751 779 900 848 faciendo
918 795 1062 862 utamur,
1086 798 1141 850 aut
1159 781 1284 850 urmsul-

232 805 310 936 duis
327 891 387 958 pro
404 861 505 933 animi
523 865 625 934 nostri
649 863 786 934 libidine
804 891 960 956 agamus,
985 888 1051 934 non
1074 869 1163 934 secus
1184 891 1230 936 eos
1247 866 1284 932 be·

229 951 342 1022 bentes
359 947 540 1036 neglectui,
562 973 661 1042 quarn
680 952 707 1017 si
724 949 766 1017 ad
787 975 846 1019 nos
869 977 936 1020 non
951 951 1165 1048 pertinerent,
1185 967 1234 1018 aut
1247 977 1284 1016 ne·

149 1108 157 1130 (
231 1051 296 1106 stre
314 1031 397 1100 nibil
414 1031 598 1112 interesset,
621 1034 702 1128 quid
718 1033 860 1117 discant,
884 1051 939 1106 aut
963 1037 1083 1130 quibus
1106 1035 1225 1130 pietatis
1243 1053 1285 1102 stn-

230 1119 293 1190 diis
309 1143 403 1186 suam
417 1114 515 1188 vitam
533 1119 711 1196 traducant.
754 1125 823 1190 Nec
839 1121 1013 1216 quisquam
1028 1147 1067 1190 eo
1092 1120 1224 1191 intendit
1239 1119 1284 1186 eni-

180 1247 199 1292 ,-
228 1231 344 1284 mum,
368 1218 404 1269 ut
420 1201 557 1292 cogitet,
579 1201 790 1274 bocdivinae
814 1205 992 1298 majestatis
1016 1231 1084 1276 esse
1104 1221 1299 1299 praeceptum,

228 1285 292 1360 hoe
315 1289 421 1383 ipsum
444 1313 551 1356 severe
573 1288 830 1374 examinaturus,
861 1307 894 1361 et
921 1290 1065 1381 graviter
1082 1291 1226 1371 obturas,
1251 1305 1299 1366 aut,

182 1412 190 1438 ι
226 1398 392 1450 summam
408 1371 628 1462 necessitatem
643 1373 705 1442 hue
719 1373 866 1462 exigere,
889 1363 926 1444 ul
944 1376 1124 1444 'urentutis
1143 1390 1221 1444 recte
1234 1373 1299 1441 edu-l

227 1459 347 1530 candae
361 1473 456 1550 atque
474 1457 692 1527 instituendae
712 1461 886 1554 praecipua
900 1401 1061 1531 habeatur
1083 1483 1162 1530 cura
1175 1473 1211 1527 'et
1224 1459 1283 1526 ratio.

229 1545 330 1632 Quod
346 1545 374 1612 si
390 1541 477 1610 enim
497 1568 569 1612 cum
591 1543 634 1614 ad
653 1543 874 1638 spiritualem,
900 1561 969 1614 turn
991 1543 1191 1614 mundanam
1212 1567 1284 1612 ιιιιιιι

144 1692 147 1702 ,
248 1627 542 1698 diuinistrationem
569 1627 898 1722 hominesidoneos,
929 1646 1076 1724 protritos
1101 1645 1135 1698 et
1158 1655 1176 1698 a
1201 1628 1284 1722 positos

222 1656 595 1804 babere'desideramus:
624 1713 769 1806 profecto
792 1739 857 1784 non
880 1713 942 1784 erit
962 1714 1021 1785 ulli
1046 1655 1234 1806 parcendim
1255 1711 1283 1778 la-

223 1797 317 1881 bori,
336 1796 398 1868 'aut
420 1821 556 1952 operae,
585 1815 643 1866 aut
664 1797 840 1890 impensis,
867 1797 1044 1889 diiigenter
1069 1796 1283 1898 doeendoatqut

222 1883 423 1978 instituendo
456 1881 578 1967 iberos,
601 1899 638 1950 ut
655 1899 686 1952 et
703 1887 779 1953 Den'
796 1883 935 1966 servire,
961 1900 993 1953 et
1011 1883 1201 1952 bominibus
1222 1883 1283 1950 uolo

221 2070 276 2124 cto
293 2053 315 2120 il
336 2049 362 2120 is
384 2054 466 2146 ipsrs
483 2077 635 2138 magnam
658 2051 774 2120 saltem
796 2079 1006 2122 nummorum
1031 2079 1098 2122 vrm
1120 2051 1282 2122 cumulemus

223 2163 261 2212 ac
275 2164 481 2232 reponamus.
526 2143 595 2206 Hos
614 2141 700 2206 enim
716 2136 899 2208 treusetrra
915 2155 1059 2210 nostram
1086 2163 1216 2236 operam
1227 2135 1283 2204 alen

222 2226 261 2294 a'e
277 2223 381 2294 ditare
395 2225 503 2304 novit,
526 2221 559 2290 id
575 2221 775 2318 quodetiam
793 2221 939 2319 quotidie
962 2222 1100 2292 lectitat.
1153 2225 1282 2294 tuerere

220 2307 344 2378 liberos
353 2307 448 2384 uobis
461 2307 595 2398 largitus
605 2323 652 2376 est
667 2308 954 2396 etcmnnrendavit‚
970 2311 1149 2378 uteosdem
1158 2311 1283 2410 juxtam-

223 2393 381 2464 luntatem
410 2395 490 2462 e'us
510 2395 683 2462 educemus
712 2417 944 2488 regamusque,
988 2392 1112 2490 alioqui
1136 2394 1213 2463 nibil
1232 2407 1283 2484 opus

221 2497 292 2550 erat
330 2421 505 2551 arentims.
549 2482 762 2571 Quapropter
774 2505 785 2544 e
797 2477 912 2574 uis'qu'e
927 2477 1112 2548 indubitate
1134 2480 1179 2548 ira
1193 2477 1283 2551 habal

221 2590 256 2634 se
271 2503 387 2636 dobere
403 2591 461 2658 pro
476 2561 602 2643 officio,
625 2587 730 2655 eoque
747 2505 929 2654 adstringi,
953 2562 1012 2658 qui
1035 2563 1136 2634 modo
1159 2563 1235 2632 nolit
1251 2559 1282 2625 ie·

65 2701 68 2710 ·
156 2697 161 2706 ,
220 2649 353 2722 sensum
375 2665 408 2718 et
430 2646 649 2727 inclementem
674 2655 781 2718 Deum
802 2673 862 2714 suu
884 2645 974 2716 malo
997 2649 1157 2741 experiri,
1184 2663 1216 2716 ut
1236 2659 1282 2712 aue

221 2735 335 2805 omnia
364 2735 406 2802 ad
425 2731 494 2801 xDei
518 2729 721 2800 timerem'et
738 2730 939 2820 agnitionem
961 2755 1040 2801 suos
1057 2732 1282 2804 liberos'eduret

219 2823 329 2916 Atque
345 2816 403 2886 ubi
418 2815 528 2910 aliqua
542 2813 698 2885 relucebit
712 2841 729 2883 s
752 2843 784 2884 es
801 2817 921 2906 egregii
936 2815 1071 2908 ingenii,
1093 2837 1223 2889 autnon
1236 2835 1281 2882 nt·

200 2903 271 2976 .lae
285 2903 417 2987 indolis,
440 2901 570 2972 eosdem
580 2925 709 2996 quoque
724 2841 818 2986 lionis
835 2901 938 2970 literis
955 2925 993 2970 ac
1008 2903 1190 2995 disciplinis
1203 2900 1282 2967 imbu-

218 2987 318 3066 endos
335 3005 366 3059 et
382 2987 570 3060 formandos
584 2987 724 3068 tradant,
748 3002 783 3054 ut
802 3011 914 3054 eorum
930 3011 1026 3080 opera
1042 2988 1083 3054 ad
1098 2987 1281 3082 politiano

202 3074 261 3148 rad
275 3077 501 3174 quameunque
514 3097 583 3139 rem
598 3097 680 3165 opus
690 3069 818 3152 tecue,
840 3070 887 3139 uti
901 3087 1021 3167 queant
1036 3071 1197 3146 homines.

302 3159 362 3232 Hic
386 3155 526 3256 peractis
549 3155 727 3246 diligenter
751 3172 782 3224 et
806 3173 953 3238 suenus,
996 3161 1085 3226 Deus
1109 3157 1203 3244 nobis
1223 3149 1280 3221 band

217 3243 316 3316 dubie
331 3269 425 3312 suam
442 3240 698 3312 benedictionem
713 3257 745 3328 et
761 3239 900 3346 gratiam
916 3238 1050 3330 largiter
1066 3242 1246 3344 impertiret,
1256 3249 1281 3334 ¹ul

129 3383 132 3388 ,
170 3381 171 3386 η
216 3328 379 3421 ejusmodi
402 3327 612 3398 educarentur
635 3324 802 3405 homines,
828 3349 847 3394 a
869 3325 1083 3418 quibuscum
1105 3341 1279 3422 rpsapatnb

215 3427 286 3484 tum
301 3411 476 3508 populares
486 3409 697 3502 ,paraecipuunt
713 3410 971 3478 (emolumentum
987 3415 1147 3504 caperent.
1178 3418 1228 3495 ,tit
1241 3406 1279 3472 bt-

133 3540 138 3549 ι
217 3499 269 3566 ‘us
283 3491 412 3596 q'uoque
428 3493 619 3590 disciplinae
635 3493 804 3564 sedulitate
820 3513 852 3563 et
864 3494 972 3564 studio
996 3495 1088 3565 brevi
1113 3499 1280 3586 emergerent

214 3523 296 3656 bene
315 3578 453 3651 modesti
476 3597 509 3649 et
532 3594 616 3648 recte
637 3578 762 3647 edueati
785 3578 888 3660 cives,
918 3595 987 3651 tum
1008 3582 1145 3674 pudicae
1167 3583 1279 3665 beneque

214 3682 360 3738 moratae
380 3681 565 3744 matronae,
603 3663 649 3730 rei
674 3661 845 3731 familiaris
874 3661 1043 3752 diligentes
1074 3685 1106 3734 et
1126 3663 1278 3734 'sutdiosao

215 3751 273 3844 qui
283 3750 437 3844 deinceps
452 3747 672 3818 indesinenter
685 3747 810 3841 'probos
829 3747 950 3817 liberos
966 3765 996 3816 et
1010 3748 1169 3820 farniliam
1192 3745 1277 3817 laute-

141 3900 144 3908 ,
212 3837 313 3907 bilem
336 3849 552 3930 procrearent.
602 3837 680 3900 Jam
698 3831 773 3926 ipse
799 3848 905 3902 tecum
930 3832 1040 3904 animo
1063 3851 1187 3930 repete,
1208 3849 1277 3925 quan

213 3919 379 3992 nefarium
393 3919 543 3988 admittas
563 3915 706 4000 facinus,
720 3933 891 4012 'quamque
904 3933 997 3987 atrox
1015 3919 1169 3988 damnum
1184 3919 1245 3990 tes,
1261 3931 1276 4000 ⁵!

212 4003 320 4078 bacin
334 4031 370 4090 re
383 4001 583 4093 negligenter
600 4025 690 4091 agas,
712 4017 767 4072 aut
782 4018 886 4096 perte
902 4017 981 4084 stet,
1004 4031 1071 4101 quo
1087 4005 1190 4076 minus
1209 3999 1275 4066 liben

200 4091 261 4162 ¹tui
278 4089 400 4160 utiliter
416 4114 452 4156 ac
468 4087 841 4156 salubriter‘educentur.
891 4087 944 4155 Ad
967 4087 1045 4158 haec
1065 4089 1210 4158 omnibus
1222 4103 1275 4173 pet·

213 4175 296 4248 catis
308 4190 340 4244 et
362 4173 410 4244 ira
434 4187 531 4252 temet
551 4195 666 4262 gravas
686 4187 718 4241 et
740 4195 872 4254 oneras,
895 4171 960 4252 ita,
983 4191 1018 4242 ut
1040 4175 1210 4246 liberorum
1223 4183 1274 4234 tne-

212 4287 286 4332 rum
300 4271 379 4350 ergo
396 4273 561 4331 aeternam
575 4254 816 4333 damnationem
829 4257 1058 4354 promerearis,
1082 4254 1200 4332 tametsi
1214 4247 1274 4318 alias

451 4369 456 4396 l

223 1995 293 2042 esse
310 1985 447 2119 queant,
477 1973 601 2061 Neque
616 1974 740 2036 tantuin
758 1966 855 2037 nobis
867 1969 1076 2067 cogitandum
1092 1985 1155 2052 est,
1178 1995 1236 2063 quo
