2548 4906
79 323 90 362 l
144 355 148 386 ³
253 414 262 427 „
324 429 327 432 ,
409 343 669 448 consessionis.
749 348 754 358 ’
793 377 798 385 ’
1002 347 1087 468 ὶιδῃ
1196 412 1197 418 ,

11 529 109 608 abus,
145 527 313 622 quomodo
330 531 452 623 poterit
472 525 656 622 probibitio
686 523 842 596 dolendi?
921 549 1088 632 [tanquam

12 614 132 683 eclesia
147 641 216 682 nou
234 613 334 682 sumit
349 611 412 692 sihi
424 611 508 682 banc
522 611 727 693 libertatem,
755 625 793 678 ut
808 637 846 680 ex
867 637 905 682 or
929 613 1088 683 inatro'ni-

10 725 42 766 os
61 697 186 767 Christi
200 697 300 766 saciat
314 723 366 768 res
382 697 614 772 indifferentes.
657 699 726 764 Nos
751 694 883 790 quidem
905 697 1088 770 Ecclesiam
1192 711 1197 720 “

10 807 192 862 (curamus,
216 790 302 876 quae
312 781 396 850 banc
409 781 564 874 injuriam
577 779 727 876 pertulit,
751 805 826 848 cum
849 794 984 875 utra'que
1008 807 1085 876 pars
1154 807 1156 817 ¹

10 931 11 934 ,
28 867 220 955 contingere
234 892 301 935 non
314 883 439 958 posset,
460 867 518 936 sed
531 883 691 948 auctores,
713 863 770 957 qui
786 863 974 949 defendunt
998 877 1090 939 recte

10 951 154 1022 cohiberi
171 971 267 1020 usum
282 950 398 1041 integri
413 955 624 1034 sacramenti,
656 947 778 1046 quique
794 971 880 1018 nunc
892 975 959 1020 non
974 951 1086 1022 solum

9 1035 175 1119 cohibent,
189 1113 192 1126 1
204 1035 261 1104 sed
275 1036 373 1106 etiam
391 1050 517 1106 utentes
530 1036 655 1127 integro
673 1050 877 1107 sacramento
894 1060 1084 1106 excommu-

9 1111 107 1206 icant‚
131 1137 163 1190 et
176 1119 209 1186 vi
223 1138 480 1218 persequuntur,
511 1147 580 1192 nou
595 1143 796 1208 excusamus.
840 1118 915 1219 Ipsi·
929 1119 1082 1218 viderint,

9 1203 149 1276 uomodo
164 1209 238 1276 Deo
257 1223 420 1275 ratronem
437 1230 572 1276 suorum
595 1204 808 1274 consiliorum
824 1205 984 1274 redditum
1005 1207 1084 1276 sint.
1130 1217 1132 1222 “

9 1299 28 1359 'e
54 1315 95 1360 ue
118 1289 229 1362 statim
253 1291 464 1382 judicandum
492 1307 557 1373 est,
589 1289 772 1359 Ecclesiam
798 1293 995 1360 constituere
1024 1305 1084 1360 aut
1145 1331 1147 1334 ·
1190 1329 1197 1351 x

8 1318 137 1462 robam,
193 1374 252 1442 uid
279 1375 335 1446 oid
351 1377 523 1462 Pontifices
546 1375 766 1457 constituunt,
795 1374 988 1476 pracsertim
1007 1400 1082 1444 cum

8 1465 151 1558 criptura¹
170 1400 218 1530 de
242 1402 363 1613 {pisso
390 1459 418 1528 is
446 1471 483 1528 et
499 1460 685 1558 pastoribus
714 1456 911 1530 vaticmetur
938 1459 976 1528 in
996 1457 1083 1532 hauc

8 1548 192 1629 utentium,
220 1561 258 1616 ut
304 1571 338 1614 ze
380 1543 422 1613 iel
434 1547 501 1615 ait:
530 1544 656 1615 Peribit
673 1543 724 1615 lex
741 1539 959 1644 asacerdoteg
986 1625 990 1631 ¹

82 1761 106 1841 s
136 1845 150 1882 y,
179 1871 184 1880 ¹
260 1775 318 1847 De
343 1742 518 1874 conjugio
545 1771 798 1880 Sacerdotem.

63 1977 101 2064 Iu
118 1986 207 2058 tanta
219 1970 356 2060 infamia
376 1971 538 2068 inquinati
557 1970 756 2056 coelibatus,
784 1973 905 2043 audent
923 1971 1078 2042 adversa-

6 2057 101 2126 inon
124 2055 232 2126 solum
254 2058 425 2127 defendere
448 2055 553 2148 legem
575 2058 785 2128 Pontifieiam
807 2057 853 2126 im
881 2057 913 2126 'o
936 2073 968 2128 et
990 2055 1086 2134 falso,

6 2155 147 2211 raetextu
167 2143 311 2212 nominis
336 2141 460 2225 divini,
490 2143 547 2210 sed
570 2143 667 2212 etiarn
689 2144 815 2214 hortari
869 2165 1015 2213 aesarcm
1039 2147 1078 2212 ac

6 2227 166 2319 sinopes,
196 2253 238 2296 ne
251 2225 391 2297 tolerent
407 2225 560 2330 conjugia
577 2229 782 2300 sacerdotum
799 2230 840 2296 ad
855 2226 1077 2318 ignominiam

6 2309 195 2380 ,infamiam
215 2310 359 2396 Romani
378 2313 522 2406 Imperii.
565 2312 622 2380 Sic
641 2313 727 2381 enim
747 2311 936 2404 loquuntur.
979 2315 1082 2404 Quae
1145 2309 1182 2395 ’,

5 2399 85 2490 rajor
100 2394 304 2491 impudentia
317 2421 463 2490 unquam
489 2395 610 2476 ullain
628 2392 942 2479 historialectacst,
975 2420 1090 2490 quam*
1141 2415 1143 2421 ’

5 2507 56 2552 aec
72 2495 121 2548 est
135 2480 417 2554 adversariorum?
460 2487 544 2550 Nam
559 2489 770 2571 argumenta,
793 2482 911 2574 quibus
927 2496 1074 2564 utuntur,

5 2584 89 2639 ostea
111 2566 359 2636 recensebimus.
400 2573 501 2635 Nunc
521 2565 583 2636 boc
606 2565 768 2660 expendat
791 2567 935 2668 prudens
959 2567 1074 2648 lector,

5 2653 53 2720 rid
69 2649 190 2720 frontis
206 2649 422 2720 habeant-isti
437 2649 530 2720 nihili
553 2650 719 2736 homines,
749 2679 809 2745 qur
832 2653 961 2740 dicunt,
991 2659 1073 2720 con·
1148 2705 1152 2712 .

5 2736 195 2828 igiaparere
210 2735 380 2806 infamiam
405 2753 437 2805 ct
451 2736 667 2827 ignominiam
690 2737 849 2831 Imperio,
879 2733 974 2832 quasi
993 2759 1090 2827 vero

5 2819 158 2892 eclesiam
175 2821 267 2891 valde
285 2839 378 2892 ornet
392 2820 454 2890 ista
470 2819 599 2915 publica
623 2819 758 2894 infamia
781 2819 1020 2911 {legitimarum
1034 2844 1072 2889 ac

5 2906 234 2994 rodigiosarum
249 2904 446 2988 libidinum,
476 2931 559 3001 quae
583 2906 626 2974 fla
650 2924 722 2976 rant
742 2909 831 3001 apud
851 2905 931 2976 istos
955 2911 988 2973 S.
1004 2909 1070 2976 Pa·-
1141 2917 1147 2930 ”

6 3015 58 3072 es,
87 2991 145 3086 qui
162 2993 284 3060 Curios
296 2991 467 3072 simulant,
497 3006 529 3058 et
543 2934 755 3066 baccdanalia
772 2994 894 3060 vivunt
938 2995 985 3078 Ac
998 2989 1072 3082 ple-

5 3101 79 3168 tque
112 3101 153 3142 ne
173 3077 351 3144 verecunde
384 3073 520 3169 quidem
540 3076 705 3164 nominari
735 3075 883 3162 queunt,'
906 3099 995 3168 quae
1017 3069 1072 3142 isti
1116 3095 1124 3110 ¹

5 3183 105 3234 emma
126 3159 254 3228 licentia
280 3159 414 3230 faciunt.
456 3165 502 3230 Et
524 3157 584 3228 bas
615 3184 689 3228 suas
712 3157 867 3232 lflridincs
890 3159 1071 3230 castissima
1113 3217 1116 3228 .

5 3262 86 3330 ntra
103 3262 175 3326 tua,
208 3242 328 3312 Carole
347 3248 487 3328 Cacsar,
508 3255 636 3338 'lquetn
657 3243 753 3312 etiam
776 3243 889 3343 vetera·
907 3243 1070 3341 quaedam
1168 3252 1171 3262 “
1260 3232 1265 3244 ’

5 3328 126 3400 uicinia
141 3327 305 3421 appellant
319 3355 429 3419 regern
443 3327 563 3423 pudica
580 3330 613 3398 la
633 3328 674 3398 ic.
717 3335 768 3398 Dc
789 3345 820 3402 tc
839 3355 925 3420 cutm
947 3329 1070 3408 dictum

5 3443 12 3482 t
57 3430 124 3483 ret:
155 3414 300 3485 Pudicus
323 3411 406 3484 facie
427 3413 576 3504 regnabit
613 3485 615 3489 ,
644 3415 743 3517 ique)
783 3413 986 3510 propugnari
1004 3438 1070 3508 po·
1151 3430 1161 3450 ²

5 3441 112 3580 tillut,
141 3515 305 3568 utcontra
317 3499 373 3599 jus
391 3496 556 3588 divinum,
586 3515 701 3571 contra
725 3525 778 3591 Jus
800 3498 964 3591 gentium.
987 3522 1070 3568 con-

5 3609 22 3650 a
41 3587 196 3654 Canoms
210 3581 424 3656 conciliorum
443 3581 579 3678 dissipes
593 3583 886 3667 matrimoniaput
906 3586 940 3651 in
958 3579 1069 3652 horni-

5 3693 28 3736 :s
44 3665 229 3736 innocentes
252 3667 378 3736 tantum
399 3685 536 3765 propter
554 3665 741 3762 conjugium
764 3669 888 3740 atrocia
908 3663 1069 3760 supplicia

5 3752 165 3847 pisticum,
184 3769 226 3820 ut
240 3753 430 3824 Sacerdotes
449 3753 604 3838 trucides,
627 3752 749 3850 quibus
761 3753 914 3844 religiose
931 3765 1071 3848 parcunt

5 3859 73 3903 ram
86 3835 237 3918 barbari,
265 3852 303 3904 ut
316 3837 352 3905 in
370 3837 528 3926 auxilium
552 3863 631 3930 agas
652 3843 795 3910 extorres
812 3835 980 3920 mulieres,
1010 3863 1068 3906 or·
1093 3873 1100 3886 ·

5 3943 34 3992 ,ts
57 3945 188 4013 pueros.
229 3921 322 4006 Talis
344 3920 375 3989 le
401 3950 434 3992 es
456 3923 517 3998 tibi
537 3925 664 4014 ferunt,
695 3923 816 4018 optime
834 3938 867 3992 et
890 3921 1069 3993 castissime

5 4021 174 4098 operator,
211 4029 293 4099 quas
317 3947 609 4100 nulleij'barbaria‚‚
640 4001 829 4102 quamlibet„
851 4007 1004 4078 immanis
1030 4029 1068 4073 ac
1117 4009 1120 4016 ’

6 4115 54 4172 ra,
77 4092 327 4184 possetaudirc.
369 4093 436 4162 Sed
451 4091 528 4189 quia
540 4091 636 4164 nulla
648 4093 736 4164 cadit
752 4092 858 4168 iubos
873 4107 945 4175 tuos
960 4113 1069 4160 mores
1084 4155 1087 4162 Δ
1133 4156 1136 4173 ι

5 4173 227 4268 turpitudo,
254 4175 317 4248 vel.
334 4178 484 4270 saevitia,
510 4204 700 4276 speramust
732 4187 763 4248 te
783 4181 873 4248 etin
890 4175 952 4261 bac
973 4197 1070 4244 causa
1100 4217 1103 4221 ν

5 4260 335 4350 ementerttobiscum
346 4281 494 4364 acetrum
511 4260 601 4367 esse,
621 4256 889 4379 praeconiorum
906 4265 1070 4361 cognore-
1089 4345 1103 4369 Ἰ
