2750 4902
200 376 249 434 aa
282 324 300 443 „¹
452 339 455 346 ⁴
651 343 846 426 Confessio
885 373 889 382 ’

73 559 80 576 ’
201 533 338 606 testatm
352 529 591 623 Hieronymus,
614 530 672 626 qui
685 529 753 612 ait,
782 523 974 606 Sacerdotes
995 525 1218 598 Eucharistiae
1236 525 1313 596 mi-

172 643 174 650 ·
201 619 359 699 nistrant,
381 631 413 686 et
426 614 616 706 sanguinem
634 613 757 692 Qhristi
772 611 910 708 populis¹
926 611 1086 686 dividunt.
1137 617 1209 688 Imo
1235 615 1314 683 Ge·
1334 631 1335 634 ’

202 703 303 774 lasius
325 705 418 798 Papa
437 701 586 784 mandat,
605 725 657 772 .ne
678 698 845 787 dividatur
868 701 1142 781 Sacramentum,¹
1162 701 1253 767 Dist.
1272 703 1317 768 11.

204 789 246 857 de
269 785 529 869 consecratione,
559 809 627 879 cap.
646 784 885 880 Comperimus.
943 785 1086 852 Tantum
1106 785 1317 854 cousuetudo

204 897 271 943 non
297 869 342 940 ita
359 885 451 940 vetus
469 869 559 939 aliud
579 869 687 940 habet.
738 871 881 940 ,Constat
900 882 1030 951 autem,
1055 869 1148 963 ¹quod
1170 891 1318 938 cousue-

185 985 187 992 ·
206 957 306 1039 tudo,
327 955 604 1025 contramandate
618 954 682 1037 Dei
703 953 906 1033 introducta,
927 975 994 1020 non
1009 951 1052 1021 sit
1064 951 1255 1048 probanda,
1280 969 1319 1024 ut

207 1054 365 1112 testantur
381 1042 550 1123 Canones,
571 1040 654 1110 Itist.
670 1043 759 1108 vul.
775 1062 845 1135 cap.
860 1035 1028 1120 Veritatc,
1047 1061 1121 1107 mm
1137 1035 1318 1136 sequenti-

142 1175 145 1180 ·
206 1125 282 1198 hus.
324 1129 411 1195 Haec
425 1149 501 1195 vero
524 1125 724 1194 cousuetudo
745 1148 813 1192 uon
837 1119 945 1191 solum
967 1137 1081 1192 contra
1101 1122 1164 1192 scri
1190 1137 1321 1208 turam,

66 1231 70 1240 ·
209 1207 389 1281 sedetiam
411 1225 525 1282 contra
546 1226 670 1280 veteres
695 1209 848 1279 Canones
876 1221 909 1275 et
935 1205 1121 1302 exemplum
1147 1148 1322 1278 docleatae

121 1303 124 1312 ’
143 1357 146 1364 ,
208 1311 339 1390 recepta
354 1309 414 1394 est.
456 1294 613 1382 Quaresi
629 1293 687 1390 qui
700 1293 886 1362 maluerunt
905 1305 1043 1385 utraque
1063 1291 1168 1386 specie
1192 1296 1322 1362 Sacra-

82 1410 84 1418 '
127 1450 130 1456 ,
210 1382 312 1450 menti
325 1396 386 1462 utr,
400 1404 467 1478 uon
483 1379 616 1479 suerunt
630 1379 777 1472 cogendi,
793 1391 830 1446 ut
844 1373 939 1446 aliter
951 1373 1097 1447 lacerent
1113 1401 1188 1448 cum
1200 1375 1322 1450 offen-

202 1465 302 1536 ‘sione
319 1481 544 1550 conscientiae.
606 1491 612 1514 ¹

180 1581 184 1598 '
216 1631 218 1636 .
295 1570 340 1636 Et
365 1565 443 1660 quia
464 1565 580 1637 divisio
601 1559 803 1638 Sacramenti
822 1585 889 1633 non
909 1561 1057 1636 convenit
1080 1589 1155 1634 cum
1178 1561 1325 1636 institu-

213 1649 301 1722 tione
321 1649 463 1749 Christi,
486 1650 567 1722 solet
583 1651 672 1749 apud
685 1675 745 1722 nos
759 1647 868 1722 omitti
887 1648 1071 1746 processio,
1099 1672 1184 1746 quae
1202 1648 1325 1722 hacte-

215 1759 278 1822 uus
290 1736 363 1808 fieri
380 1734 476 1808 solua
492 1751 549 1806 est.
621 1789 624 1804 2

445 1891 598 1986 1t.D'e
624 1911 799 2022 conjugio
824 1907 1076 2002 sacerdotum.
1216 1895 1223 1914 l

223 2093 226 2100 v
301 2051 439 2126 Publica
457 2056 591 2151 querela
605 2057 669 2131 fuit
682 2059 722 2130 de
736 2057 892 2155 exemplis
912 2061 1149 2142 Sacerdotum,
1174 2055 1235 2152 qui
1253 2081 1329 2128 nou
1354 2053 1355 2142 l

147 2154 152 2165 '
218 2141 436 2239 continebant.
485 2145 598 2230 Quam
611 2143 652 2214 ob
668 2170 800 2216 causam
815 2161 847 2215 et
864 2142 946 2213 Pius
961 2148 1053 2237 Papa
1067 2141 1184 2212 dixisse
1201 2139 1329 2226 fertur,

218 2224 380 2295 suissealr
399 2239 462 2296 ”uas
479 2252 609 2310 causas,
629 2255 687 2299 cur
699 2231 863 2317 ademtum
885 2227 929 2298 sit
951 2227 1180 2305 Sacerdotibus
1201 2229 1329 2317 conju-

113 2351 123 2360 ·
221 2310 330 2400 gium,
351 2250 407 2380 sed
422 2311 525 2382 multo
541 2315 682 2408 majores
695 2311 763 2385 else
775 2337 908 2398 causas,
929 2339 988 2383 cur
999 2311 1094 2382 reddi
1110 2311 1236 2382 debeat.
1269 2311 1330 2381 Sic

220 2394 306 2498 enim
315 2393 429 2469 scribit
436 2393 577 2468 Platina.
599 2401 686 2470 Cum
701 2399 803 2492 igitur
813 2397 1001 2470 Sacerdotes
1010 2396 1098 2494 apud
1115 2421 1174 2465 nos
1189 2395 1331 2492 publica

210 2479 281 2550 ulla
292 2479 444 2551 scandala
458 2481 559 2552 vitare
573 2483 710 2568 vellent,
733 2486 892 2555 duxerunt
906 2507 1041 2566 uxores,
1071 2507 1109 2550 ac
1132 2482 1329 2564 docuerunt,

248 2565 313 2634 uod
329 2563 424 2634 liccat
439 2565 520 2661 ipsis
535 2566 723 2640 contrahere
743 2566 1000 2639 matrimonium.
1046 2565 1216 2646 Primum,
1247 2567 1333 2660 quia

221 2591 345 2720 lautus
371 2648 464 2720 dicit:
509 2655 676 2748 Unusquis
702 2679 742 2724 ue
763 2653 885 2724 habeat·
907 2677 1042 2742 uxorem
1072 2675 1165 2720 suam
1189 2669 1334 2754 propter

189 2809 191 2816 ,
223 2731 482 2804 fornicationem.
525 2741 624 2805 ltemz
645 2679 762 2814 ωεῙΙίιιε
782 2755 831 2808 εει
852 2737 973 2806 nubere
983 2788 1006 2836 ,ι
1024 2761 1122 2832 quam
1149 2761 1211 2804 un.
1266 2739 1333 2804 Sc-

43 2816 45 2825 '
117 2848 122 2858 ·
224 2817 350 2901 eundo,
373 2817 525 2889 Christus
539 2819 663 2917 inquit:
706 2827 782 2894 Nou
801 2847 912 2894 omnes
935 2838 1068 2916 capiunt
1085 2819 1220 2890 verbum
1244 2819 1333 2902 hoc;

224 2902 280 2975 ubi
294 2901 405 2987 docet,
418 2897 493 2974 'uon
507 2930 623 2986 ornnes,
638 2906 786 2978 homines
806 2908 849 2976 ad
873 2905 1069 2976 coelibatum
1089 2904 1224 2974 idoneos
1245 2930 1335 2990 esse,

193 3067 195 3072 ,
227 2986 306 3084 quia
321 2991 412 3056 Ileus
431 2990 550 3060 meavit
565 2989 732 3064 bominem
748 2993 790 3062 ad
803 2990 1073 3094 procreationem,
1096 2993 1180 3064 Gen.
1191 2995 1222 3058 Ι.
1262 2995 1338 3060 Nec

121 3103 124 3131 ι
168 3089 170 3094 ’
225 3087 276 3142 εει
297 3071 458 3171 humanae
478 3076 664 3170 potestatis,
701 3077 770 3146 sine
793 3075 950 3168 singulari
975 3077 1060 3146 dono
1085 3091 1118 3144 et
1141 3099 1242 3170 opere
1264 3075 1338 3146 Dei

225 3172 419 3228 creationem
433 3176 569 3230 mutare.
610 3161 714 3252 igitur
726 3161 782 3256 qui
806 3187 872 3232 nou
896 3177 972 3236 suut
989 3160 1100 3230 idonci
1123 3160 1165 3230 ad
1185 3158 1340 3230 coeliba-

227 3257 321 3326 tum,
356 3243 473 3316 dehent
498 3245 691 3318 contrahere
713 3245 970 3316 matrimonium.
1025 3251 1111 3316 Nam
1135 3245 1340 3314 mandatum

226 3325 311 3410 Dei,
334 3343 366 3396 ct
380 3329 619 3401 ordinationem
630 3331 714 3410 Dei,
737 3332 826 3400 nulla
851 3330 902 3400 lex
917 3330 1084 3413 humana,
1112 3328 1245 3398 nullum
1269 3357 1340 3399 vo-

228 3426 298 3512 tum
324 3411 574 3510 tollerepotest.
629 3421 681 3484 Ex
702 3415 754 3484 his
785 3417 889 3486 causis
910 3417 1027 3485 docent
1050 3414 1239 3484 Sacerdotes
1267 3414 1343 3485 sibi

228 3495 324 3564 lrccre
338 3507 454 3567 ux'ores
471 3499 597 3568 ducere.
650 3503 788 3572 Constat
802 3502 917 3584 etiam,
938 3501 973 3570 iu
986 3497 1134 3570 Ecclesia
1147 3497 1248 3568 veteri
1266 3504 1341 3569 Sa-

162 3625 166 3636 ·
229 3582 371 3680 cerdotes
395 3581 497 3653 fuisse
519 3586 678 3658 maritos„
722 3591 807 3655 Nam
833 3604 865 3656 et
885 3584 1010 3654 Paulus
1030 3584 1093 3666 ait,
1129 3583 1345 3678 Episcopum

229 3663 415 3754 eligendum
433 3692 521 3752 esse,
550 3667 607 3766 qui
622 3668 665 3740 sit
676 3670 823 3740 maritus.
866 3675 910 3740 Et
924 3670 959 3738 in
974 3668 1154 3740 Germania
1171 3673 1344 3765 primum,

229 3765 305 3847 ante
321 3773 424 3822 annos
439 3752 709 3853 quadringentos,
732 3755 921 3828 Sacerdotes
937 3753 971 3824 ri
984 3754 1085 3825 coacti
1101 3767 1177 3823 sunt
1195 3753 1237 3822 ad
1256 3779 1343 3823 coe-

203 3905 206 3910 ,
229 3832 387 3915 hbatum,
410 3864 465 3934 qur
485 3836 619 3930 quidem
633 3839 715 3909 adeo
738 3841 900 3911 adversati
922 3855 1016 3922 sunt,
1038 3856 1075 3910 ut
1097 3836 1198 3908 Archi
1214 3837 1346 3934 -Epi-

225 3943 350 4012 ,scopus
364 3923 577 4017 bloguntinus
595 3923 819 4020 publicaturus
834 3926 974 3996 edictum
987 3929 1086 3995 Rom.
1108 3921 1279 3992 Pontificis
1297 3925 1348 3994 de

230 4027 269 4102 ea
282 4028 333 4083 re,
353 4030 436 4100 pene
451 4007 490 4076 ab
509 4007 599 4077 iratis
622 4009 848 4080 Sacerdotibus
866 4035 925 4107 per
952 4009 1129 4080 tumultum
1158 4033 1348 4108 oppressus

230 4103 282 4158 srt.
325 4093 370 4159 Et
382 4115 434 4160 res
448 4108 538 4180 gesta
552 4108 603 4162 est
617 4109 683 4162 tam
700 4093 895 4178 inciviliter,
917 4111 953 4166 ut
966 4119 1032 4164 non
1045 4093 1157 4166 solum
1171 4118 1207 4162 m
1220 4109 1347 4188 poste-

231 4197 304 4242 rum
319 4175 471 4268 conjugia
490 4177 761 4269 prohiberentur,
789 4180 847 4250 sed
869 4178 967 4250 etiam
989 4177 1204 4274 praesentia,¹
1220 4193 1349 4248 contra

232 4261 345 4330 omnia
359 4262 433 4354 jura
450 4261 559 4332 dirim
580 4279 612 4334 et
627 4262 790 4352 humana,
818 4281 932 4338 contra
950 4263 1040 4363 ipsos
1057 4264 1158 4336 etiam
1180 4263 1348 4336 Cicones
