2750 4902
335 463 341 470 ,
444 409 448 422 ’
490 386 712 482 Augustma.
763 474 766 492 ⁴
834 359 842 376 l
1027 417 1043 434 ›·
1094 380 1154 455 225

57 560 127 660 lurp
141 583 202 658 pro
216 559 267 632 cul
292 559 474 649 aoriginis,
497 563 554 632 sed
571 559 670 632 etiam
686 585 748 656 pro
763 557 915 627 omnibus
930 558 1164 656 reliquispec-'
1236 581 1240 590 ·
1276 589 1278 596 ’

56 663 156 728 catis,
177 662 248 716 uta
285 646 450 732 Hebraeos
475 647 629 740 scriptum
646 663 709 716 este
744 642 941 712 sanctificati
961 667 1073 722 sumus
1097 669 1158 738 per

57 730 259 800 oblationem
275 735 356 809 Jesu
367 729 491 798 Christi
509 730 620 801 semel.
662 737 765 815 Item,
794 729 868 796 Una
893 725 1055 802 oblatione
1077 753 1157 800 con-

56 813 234 885 summavit
248 815 487 908 inperpetuum
503 815 747 904 sanctificatos„¹
1172 814 1176 822 ’

68 915 71 920 “
143 905 248 983 Item,
269 898 440 992 Scriptura
453 900 563 982 docet,
592 902 663 969 Nos
683 916 793 970 coram
810 900 884 968 Deo
908 897 1078 996 justificari
1098 919 1158 994 per
1237 906 1240 912 ’

56 986 157 1054 Iidem
180 984 217 1052 iu
242 980 429 1063 Christum,
463 1009 536 1052 cum
560 983 736 1068 credimus,
755 980 1008 1081 'nohis1remitti
1027 999 1158 1078 peccata
1237 1057 1245 1066 ,
1324 1016 1328 1024 ·

57 1084 195 1164 propter
210 1065 390 1139 Christum.
434 1071 512 1136 Jam
532 1068 560 1136 si
568 1067 674 1136 Missa
700 1067 786 1142 delet
803 1082 933 1170 peccata
954 1091 1104 1138 verorum
1126 1083 1160 1138 et

58 1167 265 1222 mortuorum
281 1178 319 1219 cx
334 1175 430 1244 opere
445 1168 598 1248 operato,
628 1152 784 1244 contingit
800 1150 989 1244 pustihcatio
1006 1177 1044 1222 cx
1060 1176 1157 1248 opere

58 1236 244 1318 Missarum,
266 1261 335 1305 non
352 1241 390 1303 e'x
403 1235 485 1320 fide,
509 1238 599 1332 quod
613 1237 772 1332 scriptura
792 1260 859 1304 noir
873 1235 1009 1330 patitur.
1099 1253 1121 1293 ,·
1173 1274 1176 1282 ,

118 1323 209 1401 „Sed
221 1318 372 1390 Christus
390 1319 479 1404 'uhet
491 1320 597 1392 secere
611 1317 649 1388 iii
658 1321 710 1390 sui
723 1317 925 1402 memoriam,
950 1319 1162 1416 qiiarellIissa

57 1405 212 1476 instituta
228 1419 360 1488 est,qu
375 1347 453 1480 [ides
476 1403 590 1489 iniis,
611 1407 673 1510 'qui
692 1422 827 1476 utuntur
849 1408 1075 1487 Sacramento,
1104 1431 1159 1474 re·
1221 1420 1224 1440 ¹

58 1491 242 1573 cordetur,
261 1513 345 1584 quae
361 1489 517 1560 beneficia
532 1490 670 1591 accipiat
680 1517 739 1585 per
755 1489 943 1583 Christum,
966 1506 997 1558 et
1010 1489 1113 1591 erigat
1127 1504 1160 1557 et

58 1574 243 1646 consoletur
268 1575 420 1668 paridam
446 1573 686 1646 conscientiam.
729 1579 815 1644 Nam
841 1573 877 1641 ld
905 1590 953 1641 est
974 1573 1161 1642 meminisse
1239 1581 1243 1588 '

28 1725 31 1732 .
59 1659 205 1741 Christi,
234 1659 391 1736 beneficia
411 1659 615 1743 meminisse,
637 1683 674 1729 ac
695 1658 831 1741 sentire,
861 1658 952 1752 quod
972 1683 1046 1727 vere
1068 1650 1160 1726 exhi-

58 1746 199 1815 beantur
214 1741 322 1812 nobis.
364 1749 433 1814 Nec
448 1743 525 1812 satis
537 1761 589 1814 est
599 1744 768 1815 historiam
784 1740 964 1840 recordari,
983 1741 1061 1837 quia
1078 1741 1163 1810 hutic
1211 1731 1237 1834 ‘p
1279 1768 1281 1772 ·
1341 1775 1345 1784 ·

60 1825 294 1902 etiamJudaei
310 1844 340 1897 et
353 1826 447 1924 impii
463 1829 626 1898 recordari
648 1844 794 1924 possunt.
837 1832 898 1896 Est
919 1827 930 1894 i
955 1843 1022 1899 itur
1041 1830 1084 1898 ad
1100 1825 1162 1896 hoc
1186 1875 1187 1880 κ
1239 1879 1242 1886 -

60 1911 214 1982 facienda
228 1911 344 1994 Missa,
366 1930 403 1982 ut
416 1913 464 1982 ibi
478 1913 666 2008 porrigatur
680 1853 1011 1994 Sacramentumdiis,
1041 1910 1160 2010 quihus

60 2013 216 2092 opusnest
240 1995 477 2098 consolatione,
507 1996 807 2068 sicutAnihrosius
831 1997 892 2066 hit:
924 1996 1014 2086 Quia
1033 2020 1162 2093 semper

59 2107 180 2180 pecco,
213 2105 341 2178 semper
354 2079 457 2152 deheo
469 2082 613 2177 accipere
630 2083 835 2152 medicinam.
869 2087 900 2182 ¹.
1136 2164 1146 2180 ⁹
1234 2091 1268 2114 ’·

146 2169 234 2238 Cum
254 2167 487 2237 autevaissa
509 2167 553 2237 sit
575 2166 649 2238 talis
674 2167 921 2238 communicatio
946 2169 1161 2246 sacramenti,

61 2261 208 2322 serratim
220 2253 308 2346 apud
322 2276 381 2321 nos
398 2253 465 2320 iiiia
480 2253 661 2322 communis
672 2253 775 2324 Missa
797 2251 932 2344 singulis
953 2251 1042 2320 feriis
1064 2266 1160 2346 atque

34 2343 38 2348 '
60 2335 135 2405 aliis
143 2336 248 2427 xetiam
266 2335 399 2418 diebus,
423 2336 449 2404 si
457 2337 525 2433 b'qui
547 2342 755 2408 sacramento
771 2333 874 2414 velint
886 2336 954 2424 uti,
973 2335 1030 2404 ubi
1049 2333 1161 2438 porri-
1231 2375 1234 2386 ‚
1257 2348 1261 2359 ¹

62 2421 154 2512 gitur
167 2420 500 2504 Sacramentum'his,
523 2421 580 2514 qui
595 2419 720 2516 petunt.
762 2427 878 2518 Neque
894 2417 946 2488 hic
961 2445 1032 2486 mos
1047 2423 1169 2487 melea
1268 2481 1270 2486 .
1316 2433 1319 2440 '

60 2504 162 2574 clesia
180 2528 282 2574 novus
304 2521 362 2573 est.
403 2508 488 2572 Nam
503 2523 627 2576 veteres
640 2523 713 2575 ante
729 2505 930 2596 Gregoriuiir
948 2505 1015 2572 hon
1039 2501 1164 2571 faciunt
1243 2535 1246 2544 ’

15 2619 16 2622 “
58 2588 264 2670 mentionem
279 2587 422 2680 privatae
437 2589 567 2660 Missae.
608 2596 659 2660 De
674 2587 838 2660 communi
858 2587 960 2660 Missa
981 2586 1164 2683 plurimum
1254 2671 1258 2676 ¹

59 2674 256 2770 loquuntur.
301 2672 554 2766 chrysostomus
570 2673 641 2760 aits
677 2677 888 2746 Sacerdotem
913 2671 1058 2770 quotidie
1078 2687 1164 2740 stare
1226 2724 1229 2732 ,

61 2761 107 2828 ad
122 2757 242 2842 altare,
266 2754 298 2830 et
309 2757 394 2828 alios
409 2760 450 2829 ad
469 2760 733 2830 communionem
748 2777 920 2842 accersere,
941 2756 1026 2828 alios
1044 2779 1164 2839 arcere,
1267 2783 1275 2792 ³

59 2849 107 2914 Et
125 2870 162 2912 eii
184 2843 376 2913 Canonibus
403 2845 566 2914 veteribus
588 2863 740 2942 apparet,
779 2871 881 2915 unuin
907 2841 1053 2938 aliquem
1079 2836 1182 2937 cde--

60 2929 173 2998 hrasse
187 2924 341 3010 Missam,
370 2927 604 3024 aque-reliqui
627 2932 812 3026 presbytcri
828 2948 859 3000 et
871 2929 1011 2998 Diaconi
1035 2947 1163 2995 sumse-

64 3028 143 3079 runt
156 3013 423 3104 coipusflomini.
464 3015 518 3083 Sic
530 3012 618 3084 enim
633 3032 750 3084 s'onant
763 3016 862 3086 verba
876 3009 1021 3082 Canonis
1030 3009 1146 3080 Niceni
1155 3015 1168 3076 ἔ
1234 3063 1239 3071 .

64 3093 387 3188 AccipiuntDiaconi
402 3099 580 3188 seeundum
602 3096 752 3168 ordinem
770 3114 852 3196 -post
868 3096 1093 3197 presbyteros,
1122 3093 1164 3163 ab
1212 3105 1220 3122 '

66 3179 236 3274 Episcopo
257 3177 306 3248 vel
324 3203 344 3248 a
365 3182 554 3274 presbytero
572 3207 697 3252 sacram
713 3207 985 3254 communionem.
1013 3184 1058 3250 Et
1072 3185 1164 3252 Pau·
1187 3193 1210 3246 j

62 3264 117 3333 lus
139 3265 179 3332 de
192 3265 431 3360 communione
451 3267 560 3358 jubet,
587 3282 625 3337 ut
647 3267 705 3340 alii
729 3267 812 3338 alios
834 3281 1015 3364 expectent,
1048 3281 1085 3334 ut
1109 3265 1166 3358 {iat

64 3348 249 3438 communis
264 3349 480 3454 participatio.
701 3401 705 3414 .
829 3409 833 3416 .
980 3375 1010 3413 .-

146 3439 329 3528 Postquam
341 3435 446 3525 igitur
456 3435 557 3506 Missa
570 3438 656 3532 apud
670 3453 730 3505 nos
744 3435 841 3506 hahet
855 3433 1036 3530 exemplum
1049 3433 1166 3506 Eccle-
1199 3449 1200 3454 ’
1224 3473 1227 3480 ‚
1250 3441 1254 3448 '

30 3595 33 3605 ,
64 3520 150 3604 siae,
179 3545 217 3586 ex
242 3518 401 3615 scriptura
424 3537 456 3590 ct
474 3521 645 3605 Patribus,
675 3519 866 3594 confidimus
889 3519 1070 3622 improbari
1094 3543 1167 3588 cam

64 3629 132 3674 non
167 3627 290 3700 posse,
327 3605 468 3676 maxime
504 3621 579 3676 cum
605 3607 756 3701 publicae
783 3604 1007 3686 ceremoniae,
1047 3627 1167 3695 magna

65 3715 105 3758 cii
119 3705 212 3782 parte
227 3687 349 3758 similes
362 3690 488 3772 usitatis
514 3709 696 3776 serventur,
714 3707 852 3780 ,tentum
876 3711 1032 3760 numerus
1044 3689 1166 3758 Illissa-
1228 3726 1234 3739 =

67 3799 141 3840 rum
157 3789 206 3842 cst
219 3771 403 3858 dissimilis,
415 3800 522 3874 'quein
535 3793 671 3872 propter
686 3775 844 3846 maximos
858 3793 889 3844 et
900 3773 1090 3843 manifestos
1105 3773 1166 3841 ah-

37 3881 146 3955 'usus
163 3874 246 3926 certe
259 3861 424 3930 moderarr
436 3863 614 4014 prodesset.
655 3867 740 3930 Nam
757 3859 836 3930 oliin'
850 3860 947 3930 etiam
963 3864 999 3926 in
1013 3855 1167 3927 Ecclesiis
1249 3935 1255 3946 ¹
1356 3941 1357 3952 χ

67 3941 112 4010 ἓν
162 3940 339 4014 ‘utissimis
353 3949 534 4016 uouebat
575 3945 700 4028 cotidie
715 3944 837 4028 Missa,
864 3962 901 4014 ut
913 3959 1049 4015 testatur
1063 3941 1168 4018 histo-

66 4026 118 4100 ria
138 4025 313 4120 fripartita
331 4028 453 4100 libJX.
468 4055 536 4125 cap.
577 4033 729 4100 XXVIII.
772 4035 900 4098 Rursus
914 4039 1021 4098 autem
1037 4025 1171 4122 inAle7

68 4110 207 4181 xandria
227 4129 352 4214 quarta
373 4133 407 4184 et
429 4115 623 4188 sexta'feiia
645 4115 825 4209 scripturae
847 4113 1018 4205 leguntur,
1050 4135 1174 4205 easque,

66 4199 228 4294 doctores·
242 4205 514 4291 interpretantur,
545 4217 578 4270 et
598 4199 710 4282 omnia
726 4201 809 4270 siunt
835 4215 962 4296 praeter
989 4197 1169 4270 solemnem

68 4280 247 4355 oblationis
270 4307 407 4357 morem.
440 4315 442 4322 ’
545 4325 546 4330 1

499 4413 618 4448 '.(
