2602 4888
128 337 154 396 ἰ
208 324 283 405 tta
543 317 720 420 qumulu
736 313 981 401 Conooidiae.
1015 269 1027 376 ἰ
1087 296 1091 306 ¹

205 509 357 579 flumana
379 501 465 577 ratio
485 515 517 574 e't
538 503 738 581 vitriarias
761 467 901 576 Cbristo
920 500 1166 580 nimimiubrm'a
1184 504 1264 572 estad
1283 446 1284 462 l

205 589 424 748 qqslinsteqdcqm
454 587 620 732 Diabolo,
660 589 723 686 qui
748 587 898 687 impellit
923 587 1085 748 bomiueq
1101 589 1141 660 ad
1155 605 1264 744 ‘ptumo

117 799 119 806 ’
181 849 184 858 ,
293 725 344 848 lix
362 749 418 849 his'
428 767 639 852 manifestum
658 792 723 861 est,
746 773 836 878 qaod
851 742 1044 870 augustana
1054 776 1214 850 Confessio
1226 774 1267 846 lo

196 862 308 951 ,minis
321 862 521 946 voluntatum
538 862 574 930 in
592 861 690 932 rebus
706 863 936 958 spiritualibus
952 865 1198 972 haudquaquam
1212 863 1267 930 lile-

99 995 102 1008 ·
197 956 278 1036 fram
292 945 503 1044 pronuntiet,
517 949 582 1016 -sed
594 945 758 1031 affirmet,
781 948 951 1022 hominem
967 975 1037 1020 esse
1053 975 1088 1018 ιιι
1099 947 1218 1020 Diaboli
1228 971 1267 1041 pu·

194 1037 330 1118 'testato
375 1031 553 1122 Quomodo
577 1031 680 1122 igitur
702 1034 771 1104 suis
787 1033 859 1129 ipse
875 1035 1004 1105 'viribus
1027 1037 1070 1106 ad
1084 1032 1267 1126 Euangeliou,

144 1154 148 1162 ·
207 1119 323 1190 autad
341 1117 519 1188 Christum
527 1141 561 1186 se
577 1133 767 1188 convertere
782 1129 914 1216 posset?

293 1218 458 1316 Apologia
484 1217 696 1289 confessionis
719 1219 882 1292 delibero
904 1221 1042 1294 arbitrio
1067 1221 1110 1292 ad
1131 1221 1210 1290 bunc
1224 1245 1268 1287 uo

132 1357 134 1368 ι
209 1307 289 1376 dum
304 1305 413 1376 docet:
456 1307 532 1374 Non
552 1305 731 1374 adimimus
757 1306 920 1377 humanae
933 1308 1099 1380 voluntati
1122 1307 1268 1376 libertatem

199 1393 314 1464 'Habet
330 1389 416 1460 erriru
430 1387 615 1460 libertatem
634 1387 668 1458 iu
686 1391 842 1486 operibus
856 1409 888 1462 et
904 1393 1001 1462 rebus
1015 1391 1205 1486 deligendis,
1221 1413 1269 1484 quas

175 1483 185 1502 ¹
209 1475 295 1548 ratio
320 1501 381 1572 por
402 1499 436 1545 se
460 1475 724 1568 comprehendit,
753 1493 813 1548 etc.
854 1481 899 1547 Et
914 1477 1134 1582 paulopost:
1162 1481 1269 1544 Humana

209 1563 308 1633 corda
323 1561 393 1632 sine
410 1565 432 1630 S
458 1560 537 1630 iritu
553 1576 663 1630 sancto
679 1577 755 1632 sunt
766 1562 836 1632 sine
850 1561 971 1633 timore
986 1567 1066 1648 Der,
1097 1563 1167 1632 sine
1181 1561 1270 1640 ttae

165 1727 169 1732 ¹
208 1648 327 1718 fiducia
343 1665 419 1736 'erga
432 1585 562 1725 boum,
580 1671 647 1714 uon
665 1649 800 1716 credunt
812 1671 847 1716 se
865 1647 1013 1724 exaudiri
1031 1673 1050 1718 a
1068 1655 1161 1732 Deo,
1179 1647 1231 1716 sihi
1242 1669 1285 1752 ιι-1

209 1733 298 1802 mitti
321 1747 471 1828 peccata,
501 1747 533 1800 et
553 1733 589 1802 iu
610 1730 824 1804 tribulatione
847 1733 931 1805 velle
955 1739 1067 1806 Deum
1089 1759 1185 1831 opem
1207 1731 1270 1802 leue:

209 1819 312 1911 igitur
325 1831 400 1886 sunt
411 1840 526 1910 ampra.

206 1983 209 1997 ,
295 1923 400 1988 Porro
421 1920 520 1989 arbor
542 1919 631 1990 mala
653 1945 721 1989 non
740 1935 847 2016 pote'st
867 1919 953 1992 ferro
967 1921 1075 1994 bunos
1092 1921 1222 1992 fructus.
1249 1917 1272 1982 Et

210 2001 280 2086 sine
297 2005 359 2073 lide
382 2003 587 2106 impossibile
606 2022 654 2106 qst
673 2004 802 2108 placore
816 2013 900 2096 Deo.
945 2007 1067 2100 Igitur,
1090 2005 1214 2078 etiamsi
1227 2026 1272 2071 coo

211 2091 355 2160 cedimus
377 2087 481 2158 libero
504 2091 642 2160 arbitrio
663 2088 846 2162 libertatem
864 2109 895 2162 rt
907 2091 1098 2162 facultatem
1120 2084 1285 2161 externat-¹

14 2211 15 2214 ι
95 2221 99 2234 ·
126 2255 136 2267 Ι,
211 2175 261 2332 pis
287 2173 590 2274 operan'elticioodb
621 2193 732 2249 tamon
755 2175 815 2248 illa
836 2175 1022 2270 spiritualia
1046 2202 1117 2248 uon
1139 2176 1272 2246 tribueuu

227 2263 316 2332 ibero
338 2260 493 2343 arbrtrio'‚
523 2261 662 2345 scilicet,
693 2287 768 2347 vore
790 2261 905 2334 timere
928 2267 1165 2345 Deum,'vero
1189 2257 1273 2330 creto

128 2353 132 2362 '
210 2353 302 2429 Deo,
325 2362 383 2415 etc.
426 2349 514 2415 Haec
538 2347 615 2416 satis
636 2345 724 2417 clare
742 2363 920 2432 testantur,
953 2348 1043 2443 quod
1064 2345 1224 2443 Apologia
1239 2342 1273 2408 lu·

210 2455 327 2502 manae
348 2429 509 2500 voluntati
528 2431 632 2502 nullas
656 2434 741 2502 vires
762 2433 938 2520 attribuat,
973 2432 1026 2504 vel
1051 2433 1178 2504 bonum
1200 2426 1274 2506 melu·

126 2579 131 2591 ,
211 2516 307 2600 andi,
330 2515 380 2585 vel
396 2543 435 2590 cx
451 2540 519 2585 sese
537 2517 747 2614 cooperandi.

296 2621 333 2686 ln
350 2615 495 2686 articulis
509 2617 733 2690 Smalealdicis
750 2639 919 2716 sequentes
937 2645 1068 2690 errores·
1083 2621 1126 2690 de
1143 2618 1274 2712 liberuuar·

212 2701 311 2774 bitrio
330 2702 538 2796 rejiciuntur:
586 2707 688 2792 Quod
712 2705 812 2775 horno
834 2707 976 2776 liberum
1003 2705 1126 2776 habeat
1147 2703 1275 2796 arbitrum

211 2789 335 2858 bonum
357 2789 493 2878 agendi,
525 2804 557 2859 et
571 2790 697 2860 malum
715 2792 908 2876 omittendi,
935 2809 995 2862 etc.
1038 2795 1084 2862 Et
1108 2806 1185 2884 post
1203 2787 1275 2874 atqu

214 2891 371 2966 tauquam
397 2899 489 2942 error
516 2867 728 2968 repudiatur,
767 2904 842 2946 cum
868 2879 1019 2946 docetur:
1061 2881 1141 2945 Nou
1165 2887 1286 2967 possed,

213 2958 373 3052 scriptura
389 2953 543 3052 probari,
566 2959 608 3028 ad
624 2961 750 3030 bonum
767 2987 851 3058 opus
869 2962 1052 3032 necessario
1070 2959 1194 3057 requiri
1205 2955 1286 3050 Spin·l

213 3061 284 3114 tum
301 3060 469 3126 sanctum,
492 3061 523 3112 et
539 3045 609 3136 ojus
622 3045 774 3136 gratiam.

297 3148 470 3214 Praeterea
490 3145 525 3214 iu
546 3146 694 3218 articulis
711 3147 940 3218 Smalcaldicis
963 3149 1043 3220 haee
1063 3147 1224 3242 leguntur:
1254 3141 1276 3204 El

211 3225 291 3298 baec
319 3228 521 3323 poenitentia
549 3231 583 3300 in
608 3231 820 3311 Christianis
837 3261 940 3328 usque
973 3237 1016 3304 ad
1045 3251 1183 3307 mortem
1210 3230 1286 3300 dull*

211 3319 391 3384 Luctantur
413 3315 500 3384 euim
524 3343 596 3386 cum
620 3317 771 3412 reliquiis
794 3321 915 3411 peccati
936 3319 972 3390 iu
999 3344 1096 3390 carue
1133 3344 1191 3414 per
1212 3329 1276 3384 touu

212 3401 640 3492 vitamquemadmodum
668 3409 711 3472 Ι).
731 3405 858 3490 ¹Paulus
881 3411 981 3477 Rom.
1004 3410 1081 3474 Vll.
1103 3411 1276 3482 ἰοειιιιιιιμε

213 3481 424 3582 luctaricum
444 3487 515 3576 lege
535 3488 760 3558 membrorum
780 3513 936 3572 suorum,
965 3507 1063 3582 atque
1077 3488 1140 3558 boe
1152 3513 1214 3554 ooo
1228 3501 1277 3574 pro·

212 3568 295 3664 prius
314 3569 457 3654 viribus,
488 3573 545 3642 sed
560 3571 706 3668 Spiritus
721 3574 835 3643 sancti
851 3575 959 3658 douo,
987 3575 1076 3672 quod
1091 3570 1276 3665 remissiqutm

239 3669 423 3724 erratorum
446 3657 556 3730 statim
577 3658 738 3751 sequitur.
786 3665 858 3730 Hoc
880 3661 1003 3730 donum
1026 3658 1172 3754 quotidie
1193 3643 1277 3742 aliqul

213 3680 255 3808 du
271 3735 420 3834 reliquiis
437 3743 558 3834 peccati
573 3750 748 3838 expurgat,
773 3761 806 3814 ot
819 3744 853 3813 iu
869 3745 932 3816 lroc
947 3742 1126 3827 incumbit,
1156 3757 1192 3810 ut
1205 3737 1277 3806 bofflt·

214 3850 287 3895 nem
304 3849 378 3894 veru
393 3826 554 3894 muudum
571 3842 605 3896 et
622 3844 770 3898 sanctum
791 3831 916 3900 reddat.
962 3835 1050 3900 llaec
1069 3829 1167 3899 verba
1181 3833 1278 3920 prorsus

214 3907 299 3978 nihil
312 3909 352 3978 de
366 3926 478 3980 nostra
492 3911 659 3983 voluntate
671 3915 877 4009 loquuntur,
894 3938 1002 4010 ueque
1017 3916 1147 3996 dicum,
1167 3905 1276 4003 quodfltt

215 3997 315 4064 otiam
330 3993 364 4062 in
381 3994 522 4078 renatis,
545 3995 673 4092 aliquid
687 4019 810 4070 essese
823 4017 994 4094 operetur,
1014 4000 1072 4070 sed
1086 3995 1192 4068 omnia
1204 3996 1277 4082 Spu·

213 4077 304 4177 ritus·
324 4080 427 4179 sancti
452 4081 542 4150 dono
557 4082 769 4180 adscribunt,
798 4081 898 4184 quod
913 4085 1080 4159 bominem
1098 4078 1247 4154 emundet,
1260 4081 1277 4132 u

215 4163 256 4252 de
272 4163 325 4234 dre
336 4188 371 4232 ιιι
388 4163 475 4234 <lium
487 4166 709 4238 molioremet
723 4186 920 4241 sancitorem
930 4171 1046 4253 saciat;
1069 4184 1102 4242 et
1113 4167 1201 4239 alteo
1212 4173 1276 4253 otti

109 4247 113 4254 '
214 4249 300 4344 viros
314 4265 444 4332 nomae
458 4253 612 4350 propriae
627 4275 762 4348 prorsus
777 4255 1023 4363 exuramur„
