2658 4892
768 189 773 218 l

230 311 317 443 '576
566 340 739 438 Eormula
757 338 997 413 Concordiae.
1046 377 1049 392 ›

242 543 292 602 ter
318 524 386 594 nixi
413 505 546 601 sumus,
579 525 661 617 q'uae
690 519 790 590 etiam
809 525 864 588 -Β,
885 518 1055 590 Lutltertts
1081 515 1175 590 initio
1201 513 1290 584 exortae

241 609 339 703 buius
359 606 569 678 dissensionis
597 620 711 676 contra
732 605 1008 690 sacramentarios
1028 601 1228 696 sequentibus
1245 627 1289 666 run·

242 696 293 766 bis
307 693 435 790 posuit:
462 695 537 763 Mea
552 690 780 776 fundamenta,
803 689 923 786 quibus
939 688 975 758 iu
998 687 1060 758 ltoc
1079 686 1290 788 negotiabitur,

244 779 478 933 haecdiiidltm
492 837 606 930 estbic
615 857 772 929 articulus
782 823 878 928 ¹bidei:
899 835 997 927 Jcsus
1023 855 1173 928 Christus
1193 855 1290 926 estsub

61 993 65 1000 ·
132 1003 138 1013 ι
244 947 421 1030 stantialis,
451 943 629 1027 naturalis,
659 967 772 1030 verus,
802 943 964 1038 perlectus
990 949 1082 1028 Deus
1102 959 1135 1012 et
1152 939 1290 1020 homnis

243 1059 308 1104 una
348 1055 463 1110 ersona
479 1029 638 1098 indivisus
658 1045 689 1098 et
701 1027 939 1122 inseparabilis.

323 1061 532 1200 bacandum,
556 1115 644 1209 quod
656 1114 783 1183 dextera
800 1111 865 1182 Dei
881 1129 930 1182 cst
943 1114 1078 1208 ubiqqe.

242 1289 301 1362 fau
328 1201 499 1285 'l'ertium,
537 1201 627 1295 quod
646 1200 781 1270 verbum
807 1197 871 1267 Dei
891 1223 999 1295 neque
1020 1199 1143 1267 salsum
1165 1211 1212 1266 cst
1228 1219 1291 1287 nequ

303 1315 351 1360 ax.
851 1305 856 1318 ’

312 1377 512 1462 Quartum,
548 1369 638 1523 quod
657 1363 748 1439 Deus
769 1369 877 1439 varios
900 1367 1017 1439 modos
1036 1367 1139 1438 babet
1166 1365 1292 1459 novitque.

191 1527 193 1532 .
267 1457 362 1529 dibus
379 1457 492 1550 aliquo
504 1457 539 1524 in
568 1479 626 1524 oco
640 1481 709 1526 esse
721 1471 836 1542 potest,
857 1481 961 1549 neque
976 1473 1044 1522 uno
1057 1443 1120 1521 illo
1136 1469 1291 1523 tantumno·

243 1484 286 1616 do
303 1557 469 1614 contentus
487 1553 556 1610 css'e
572 1541 718 1622 couritur,
741 1541 862 1635 dequo
884 1539 1019 1630 fanatici
1037 1535 1194 1610 homines
1207 1543 1290 1626 nugat·

245 1647 316 1720 tur,
337 1653 434 1722 quem
449 1597 644 1719 Philosoplit
659 1624 793 1694 localem
809 1643 933 1695 vocante
1117 1639 1127 1648 ‘

325 1719 369 1782 Et
386 1709 509 1790 Christi
523 1709 655 1780 unicum
670 1733 787 1804 corpus
804 1710 853 1810 (in
880 1712 926 1779 uit
941 1707 1126 1793 Lutberus)
1149 1707 1241 1781 tribus
1252 1731 1291 1772 ne

244 1801 295 1871 dis
310 1821 365 1867 seu
382 1794 501 1890 triplici
516 1793 641 1866 ratione
656 1811 763 1888 potest
778 1735 901 1864 alicubi
916 1821 995 1864 csse.
1014 1837 1017 1844 ·

329 1882 455 1962 Primo,
478 1879 762 1971 comprehensibili
778 1895 809 1948 et
824 1879 984 1975 corporali
996 1879 1133 1964 ratione,
1158 1877 1239 1976 quali
1249 1897 1291 1942 rsus

236 1983 313 2050 est,
336 1991 409 2035 cum
425 1964 524 2054 iubis
538 1966 632 2034 terris
648 1963 862 2058 corporaliter
883 1979 1152 2049 conversaretur,
1182 1991 1243 2034 cum
1253 1985 1291 2028 ur-

228 2069 280 2124 ·to
296 2053 369 2122 loco
383 2049 563 2120 secuudum
578 2049 791 2142 quantitatem
808 2067 901 2118 sua‘m
916 2051 1240 2120 circumscriberetur.
1255 2051 1292 2112 lle

243 2135 455 2216 modoetiam
474 2131 571 2202 hodie
593 2133 642 2204 uti
660 2149 783 2225 potest,
807 2136 933 2228 quotics
950 2135 1012 2227 ipsi
1034 2135 1145 2204 risum
1165 2125 1302 2208 fueriti

243 2226 334 2318 quod
351 2236 426 2316 post
444 2218 714 2306 resurrectionem
737 2243 830 2287 suam
857 2218 1034 2314 aliquoties
1052 2219 1151 2302 fecit,
1172 2235 1202 2288 et
1220 2217 1302 2284 intel

243 2309 375 2378 sissimo
393 2305 444 2376 die
456 2303 520 2380 ‚tali
535 2303 661 2372 ratione
683 2302 882 2397 praescntiae
905 2328 975 2374 sese
997 2303 1232 2391 manifestabit,
1248 2305 1291 2368 situ

171 2455 173 2464 .
242 2391 366 2462 Paulus
384 2392 424 2458 de
439 2387 572 2460 Christo
588 2390 699 2469 docet,
722 2389 889 2482 iuquiens‘;
918 2395 1027 2478 Quem
1050 2388 1122 2458 suis
1140 2385 1292 2480 temporibus

244 2477 388 2548 ostendet
402 2475 533 2556 beatus,
557 2489 591 2543 et
612 2473 702 2541 solus
718 2490 853 2568 potens,
881 2500 936 2543 rex
956 2497 1090 2563 regum,
1121 2491 1156 2544 et
1177 2471 1291 2544 Dourion

243 2562 492 2636 dominantium.
534 2561 579 2628 Et
591 2559 632 2626 ad
648 2557 774 2634 Coloss.
794 2558 859 2629 ait:
889 2563 982 2629 Cum
996 2559 1153 2628 Christus
1174 2566 1291 2652 'apparu-

242 2647 304 2728 rit,
326 2645 394 2716 vita
410 2659 536 2725 vestra,
559 2657 618 2714 etc.
660 2645 733 2712 Iler
746 2645 846 2714 modo
861 2667 928 2714 nort
946 2644 1043 2713 estin
1061 2649 1158 2727 Deo,
1179 2661 1230 2712 aut
1243 2639 1301 2730 aptit

241 2726 397 2812 Patrem,
419 2726 525 2798 autin
546 2726 664 2811 coelis,
684 2727 768 2797 sicut
784 2727 943 2800 fanaticus
961 2725 1020 2797 ille
1034 2727 1174 2822 spiritus
1189 2728 1291 2798 somniat

243 2822 335 2886 Deus
350 2815 436 2884 enim
446 2825 519 2888 aton
541 2829 590 2884 est
611 2811 793 2914 corporalis
810 2814 911 2886 locus.
953 2817 999 2884 Et
1018 2815 1060 2884 de
1075 2813 1142 2884 boc
1155 2809 1290 2898 modoagt'·

241 2899 346 2970 turin
367 2897 509 2968 illisscri
534 2914 624 2970 turae
638 2895 749 2990 ductis,
772 2921 856 2991 quae
869 2917 897 2968 'a
913 2897 1064 2968 fanaticis
1079 2891 1290 2970 hominibusi·

241 2985 408 3065 feruntur,
438 2921 532 3084 quod
551 2981 701 3053 videlicet
726 2979 881 3054 Christus
899 2984 1059 3054 muudum
1081 2983 1290 3082 reliquerint

242 3070 286 3140 ad
301 3075 432 3138 Patrem
445 3081 551 3137 rvcrtt.
825 3095 831 3109 f

173 3165 175 3178 '
328 3149 457 3224 Deinde
474 3151 545 3222 alio
567 3149 892 3246 incomprebensibili
915 3167 978 3222 ets
1003 3151 1132 3224 irimali
1152 3153 1241 3226 modo
1255 3145 1289 3216 al·

242 3239 317 3312 cubi
333 3263 402 3310 csse
421 3253 542 3332 potest,
564 3251 601 3306 ut
616 3234 688 3306 loco
706 3259 774 3306 nou
790 3177 1091 3320 circumsedimus,
1114 3241 1174 3308 sed
1187 3263 1238 3336 per
1248 3259 1287 3303 ou·

240 3349 298 3394 nes
314 3337 476 3392 creaturas
489 3331 658 3416 penetret,
673 3345 734 3414 pro
747 3321 912 3390 liberrima
928 3347 987 3397 sun
1007 3323 1194 3408 voluntate,
1217 3343 1287 3414 quru-

241 3407 419 3479 admodum
437 3415 489 3491 (rit
504 3424 611 3476 crassa
626 3409 766 3500 quadam
782 3405 995 3477 similitudine
1003 3424 1245 3502 remutcunquc
1255 3400 1287 3468 al·

242 3495 407 3582 umbram)
430 3489 519 3559 visus
534 3516 625 3560 meus
640 3517 699 3585 per
712 3501 841 3572 adrem,
864 3490 991 3576 lumen,
1044 3509 1078 3562 ut
1100 3517 1215 3588 aquam
1227 3511 1287 3584 pent·

126 3635 132 3652 .
242 3595 322 3658 trat,
345 3595 378 3646 at
403 3603 441 3644 ue
458 3575 492 3644 in
512 3574 555 3646 iis
571 3576 666 3644 rebus
682 3593 746 3659 est,
776 3601 881 3672 neque
901 3593 1006 3646 tamen
1019 3517 1117 3650 loco'
1130 3567 1299 3656 circumseri¹

242 3663 340 3733 bitur.
379 3603 427 3729 lle
451 3660 727 3760 quemadmodum
743 3669 842 3730 sbnus
857 3679 916 3768 per
927 3687 1066 3756 aquam,
1094 3671 1216 3737 adrem,
1233 3679 1299 3725 assat

243 3774 331 3828 rem,
352 3763 410 3814 aut
424 3762 577 3838 parietem
596 3762 727 3829 transit,
748 3749 824 3816 etin
843 3746 881 3815 irs
895 3749 1067 3826 rebrrs'est,
1098 3773 1201 3841 neque
1220 3761 1284 3826 porr

239 3831 312 3905 loco
336 3831 633 3913 circumscribitur,
656 3831 771 3899 eodem
799 3833 1014 3900 modoetiam
1042 3832 1099 3900 lux
1124 3850 1155 3900 ct
1172 3829 1284 3916 calorptt

241 3925 369 3997 adrem,
390 3939 527 4006 aquam,
550 3916 686 3996 vitrum,
708 3914 893 4008 crystallum
910 3935 941 3985 et
956 3943 1013 4012 per
1031 3916 1157 3986 similes
1178 3910 1284 3982 materis

267 4017 431 4080 euetrant,
452 3997 485 4067 et'
499 4000 532 4065 in
549 3997 589 4066 iis
605 3999 703 4068 rebus
718 4016 810 4078 sunt,
834 4003 1015 4070 uec'tarnen
1030 4003 1105 4070 loco
1127 3989 1283 4080 circumseri
1297 4015 1298 4102 q

179 4099 182 4106 '
242 4025 382 4162 lunarem
411 4099 443 4154 et
467 4085 597 4176 quidem
620 4087 690 4175 ejus
716 4084 762 4152 rei
790 4087 912 4154 multae
934 4086 1189 4180 comparationes
1208 4079 1281 4150 addtfl

224 4185 383 4264 'possent
434 4173 504 4237 lloe
529 4171 631 4236 modo
651 4193 727 4238 usus
751 4169 920 4254 Christus,
956 4197 1034 4251 eum
1050 4191 1211 4258 resurgens
1230 4183 1281 4228 est·

170 4266 172 4270 '
240 4253 356 4347 pulcro
371 4251 482 4322 clausu
505 4266 537 4322 et
559 4250 732 4354 obsignato
753 4255 972 4350 prodiret,et
995 4255 1126 4352 quando
1139 4237 1281 4349 perjands
