2610 4900
14 273 15 350 l
110 405 124 420 ,
222 327 297 408 386
378 283 432 372 ἰ
570 273 829 406 ,Cattechismas
846 311 1026 448 mejom

221 531 367 607 nonper
382 503 555 602 Evangelii
569 504 706 610 gratiani
715 561 726 614 t
751 525 785 580 et
801 514 1013 612 peccatorum
1034 511 1285 588 condonationem,

141 609 147 618 '
181 623 186 644 ‘
223 600 282 669 sed
301 596 440 693 propriis
456 597 607 692 operibus
624 596 910 666 sanctificationem
926 613 1090 690 quaerunt
1105 621 1140 667 ac
1153 611 1285 672 venantur,

180 695 184 706 ’
223 705 262 754 ac
275 680 455 773 'promereri
469 682 677 759 contendunt.
720 680 887 750 Sedenim
903 681 935 748 in
951 681 1028 765 hoc,
1052 683 1182 777 quaudo
1196 679 1284 751 sancti

223 765 383 840 litationis
397 789 480 860 opus
493 765 678 834 inchoatum
692 780 760 849 est,
782 782 814 836 et
830 765 974 860 quotidie
997 783 1149 858 augetur,
1170 793 1203 834 er
1225 781 1285 832 reta-

224 848 314 936 miii,
342 869 378 922 nt
397 852 476 920 baec
501 867 613 919 nostra
639 871 732 935 caro,
762 869 837 919 eum
861 852 1013 942 omuibus
1029 855 1097 919 suis
1119 793 1254 920 sordibus
1266 865 1285 916 et

223 939 321 1020 vitiis,
339 933 460 1008 abolita
479 951 512 1003 et
536 933 661 1030 sepulta
684 952 939 1028 computrescat,
967 961 1083 1006 rerum
1107 935 1285 1027 praeclamet

155 1097 161 1111 ,
223 1020 523 1114 magnifieritemtn
539 1021 677 1114 prodeat
699 1037 730 1089 et
741 1021 1115 1112 exsurgata'tnortuis
1146 1021 1186 1089 ad
1206 1019 1284 1097 perle-

222 1119 356 1178 ctain'et
370 1105 551 1174 absolutam
573 1103 796 1187 sanctitatem,
825 1129 912 1176 nova
942 1122 1042 1200 atque
1057 1106 1230 1174 immortali
1243 1103 1284 1170 rita

177 1201 181 1208 ’
222 1193 375 1262 animata.
396 1202 399 1212 '
419 1197 496 1258 Jam
520 1188 608 1258 enim
629 1205 757 1259 tautum
779 1217 816 1262 cx
838 1188 979 1262 dimidio
1002 1189 1078 1286 puri
1095 1193 1129 1259 el
1148 1188 1283 1259 sanctisu-

61 1344 66 1352 Α
155 1313 159 1322 ’
220 1300 315 1358 mus,
336 1293 372 1344 ut
390 1275 535 1370 Spiritus
550 1291 680 1346 sanctus
693 1277 831 1344 subinde
847 1275 982 1360 habeat,
1006 1279 1096 1368 quod
1124 1275 1220 1346 divini
1238 1297 1284 1340 ver·

114 1391 139 1448 ¹·
196 1363 255 1432 ‘bi
297 1359 514 1430 medicatione
530 1357 626 1428 nobis
647 1360 736 1428 eluat
749 1384 786 1430 ac
825 1356 1282 1443 urilicet,tumindic1sin-

221 1384 318 1536 gulits
333 1445 782 1546 remissionpmopeecatorum
795 1386 978 1527 distribuat,
1001 1469 1106 1535 usque
1124 1448 1158 1514 in
1173 1445 1282 1513 lutuiau

74 1517 78 1525 ¹
115 1573 142 1602 ι.
218 1533 341 1611 ritum,
363 1529 420 1598 ubi
437 1530 621 1598 remissioni
637 1530 727 1598 locus
750 1556 816 1600 non
831 1529 892 1600 erit
906 1530 1067 1630 ampli-us,
1092 1533 1151 1600 sed
1171 1529 1282 1625 homines

218 1617 255 1686 in
275 1615 463 1684 ‘universum
484 1606 641 1682 ab'omni
660 1632 866 1708 peccatorum
886 1631 1036 1705 contagto
1056 1615 1135 1718 puri
1153 1621 1188 1684 'ot
1204 1631 1283 1692 sancti,

157 1707 160 1714 “
217 1701 308 1796 pleni
324 1701 424 1784 'omni
444 1699 609 1793 probitate
628 1716 725 1798 atque
746 1701 887 1804 justitia,
915 1701 1072 1770 subtracti
1094 1716 1131 1769 et
1155 1697 1282 1768 liberatis

216 1785 373 1880 peccatis,
397 1800 501 1853 morte
524 1800 555 1852 et
570 1809 661 1853 omui
680 1785 851 1867 exitio,·in
865 1809 996 1867 novam,
1019 1803 1218 1880 perpetuam,
1235 1783 1282 1874 glo

151 1881 153 1888 “
215 1873 374 1941 r‘ilicatam
393 1885 425 1938 et
441 1870 704 1959 transfiguratam
720 1870 819 1940 vitam
836 1871 1051 1942 traducentur.

222 1991 230 2004 r
274 2025 279 2038 ,
301 1953 474 2033 Eccehaec
496 1955 606 2022 omnia
623 1953 774 2040 Spiritus
784 1957 885 2024 sancti
907 1973 981 2024 sunt
1004 1955 1116 2024 officia
1143 1970 1175 2030 et
1196 1977 1282 2050 opera,

209 2055 253 2116 ¹ut
280 2039 334 2108 hie
352 2039 398 2106 'ii'i
426 2039 520 2108 terris
549 2031 837 2111 sanctificationem
865 2041 1071 2122 exordiatur,
1111 2042 1282 2148 eandempt

241 2123 363 2194 uotidic
383 2127 443 2218 pei·
464 2124 544 2191 hacc
564 2126 629 2191 cluo
655 2142 790 2210 augeat,
820 2148 936 2220 nempe
962 2151 1021 2220 per
1040 2143 1224 2195 sanctorum
1239 2131 1281 2194 lt·

215 2151 344 2280 ilesiam
360 2225 391 2278 ct
407 2224 614 2302 pcccatorum
632 2210 869 2280 remissionem.
912 2213 1019 2280 l'orro
1041 2211 1098 2278 ubi
1125 2215 1192 2303 jam
1214 2207 1281 2278 soluti

213 2297 248 2365 in
264 2297 404 2364 cinerem
420 2294 737 2386 compercussione,
771 2295 832 2364 hoc
852 2296 961 2388 ipsum
980 2295 1015 2364 in
1036 2313 1206 2366 momento
1225 2292 1280 2362 oculi

213 2379 535 2476 plenealisoluturus
551 2395 648 2450 estet
661 2380 911 2484 pririsicaturus,
932 2380 967 2448 in
987 2402 1051 2474 esna
1076 2399 1279 2475 perpetuom

212 2463 365 2535 retinebit
387 2465 514 2532 (luobus
534 2463 687 2532 ‘articulis
708 2466 955 2557 posterioribus.
1009 2467 1112 2554 Quod
1136 2484 1235 2534 autem
1249 2462 1279 2528 tt

211 2548 348 2644 ponitur
370 2551 649 2640 (Auserstelnang
670 2553 730 2614 stes
751 2551 948 2634 diomedes,
976 2550 1080 2620 carnis
1095 2549 1278 2620 resurrectio·

210 2640 302 2720 nem)
324 2655 364 2701 nc
380 2631 441 2700 hoc
457 2632 588 2722 quidem
600 2632 692 2710 valde
708 2652 782 2728 apte
799 2651 830 2703 et
843 2629 927 2704 tede
944 2635 1057 2736 lingna
1069 2653 1182 2705 nostra
1195 2657 1278 2702 vema-

118 2757 137 2806 ρ
212 2719 286 2788 ceta
300 2741 488 2812 expressum
503 2732 560 2784 est.
610 2715 742 2785 Etenim
766 2743 895 2788 carnem
921 2721 1089 2788 audientes
1132 2745 1197 2792 non
1220 2718 1277 2787 ulte·

209 2804 277 2872 rius
295 2803 492 2891 cogitamus,
515 2801 670 2894 quamde
686 2803 836 2872 macello.
870 2809 1004 2873 ”Verum
1027 2822 1115 2874 recte
1139 2823 1174 2876 et
1193 2799 1276 2897 genui-

210 2913 250 2956 ne
266 2889 429 2980 lo'quendo
448 2888 630 2976 germanice
645 2887 841 2974 diceremus,
865 2893 1133 2980 Aufersteliarlg
1150 2887 1208 2976 eles
1223 2886 1275 2954 tit

209 2977 267 3038 tae
296 2975 380 3064 paler
399 2973 649 3058 tristiumue,-
667 2971 728 3040 boc
753 2989 820 3056 est,
855 2975 1004 3070 corporis
1019 2977 1275 3046 resurrectionen.

154 3133 158 3142 ,
203 3063 363 3127 ·Attamou
377 3083 429 3140 res
443 3071 490 3124 est
505 3057 665 3155 momenti
680 3083 747 3127 uon
765 3059 896 3152 magni,
927 3061 1108 3130 dummodo
1135 3062 1275 3131 vertorio

207 3161 337 3216 sensum
354 3158 440 3210 recte
456 3164 682 3244 percipiamus.
711 3168 713 3174 ’
1220 3205 1222 3216 ,

198 3259 201 3268 ¹
282 3232 366 3308 ‚dam
387 3225 441 3294 hic
460 3226 517 3294 ille
539 3243 586 3296 est
607 3226 780 3309 articulus,
811 3231 905 3322 cujus
928 3252 1010 3324 opus
1033 3249 1164 3324 semper
1182 3227 1274 3303 ferun

207 3309 317 3391 debet,
340 3327 372 3381 et
386 3313 497 3379 efficax
513 3311 694 3404 persistere.
736 3317 858 3382 Rerum
881 3319 967 3384 enim
990 3317 1188 3386 creationem
1209 3335 1273 3380 acee-

204 3396 334 3488 pimus,
358 3397 414 3464 scd
432 3412 463 3465 et
477 3394 711 3466 redemtionem
726 3399 795 3488 jam
810 3399 958 3468 ellectum
984 3399 1155 3469 habemus.
1196 3404 1272 3466 Porro

204 3487 315 3549 autem
332 3480 477 3576 Spiritus
499 3497 627 3550 sanetus
648 3484 728 3552 citra
747 3483 1017 3554 intermissionem
1039 3485 1136 3554 nobis
1156 3479 1271 3553 sanctil-

204 3565 314 3654 candis
335 3589 418 3658 opus
442 3583 537 3633 scium
560 3567 707 3658 perlicit,
736 3567 894 3662 usquein
916 3587 1097 3638 extremum
1121 3568 1219 3654 diem,
1244 3559 1270 3628 tl

204 3649 294 3742 quod
320 3648 580 3718 commonionem
605 3652 766 3734 destinat,
809 3677 866 3746 per
897 3675 998 3750 quam
1026 3654 1136 3723 omnia
1163 3651 1232 3722 sacit
1251 3661 1269 3712 d

202 3731 362 3828 ldquitur.
405 3735 561 3827 Nondum
579 3733 783 3804 Christianos
808 3762 885 3806 suos
907 3755 1018 3808 omnes
1041 3741 1164 3830 coegit,
1191 3755 1268 3826 neque

198 3817 405 3892 remissionis
443 3820 686 3894 distribuendae
721 3822 829 3890 officio
853 3849 988 3917 prorsus
1015 3825 1203 3927 perliinctus
1230 3831 1268 3908 cst¹

199 3908 284 3974 Eam
307 3904 348 3972 ob
374 3931 442 3984 rem
472 3904 613 3988 inbuuc
636 3905 814 3989 credimus,
849 3911 910 4010 ¹qui
935 3912 1083 4004 qnotidie
1107 3935 1168 3978 nos
1190 3901 1266 3974 divini

198 3988 291 4058 verbi
314 3987 554 4081 praedicatione
575 3989 707 4060 atii-etii
728 4007 761 4060 et
782 3993 948 4076 adsciscit,
982 3995 1144 4088 fidemque
1170 3993 1265 4082 imper·

152 4095 154 4102 “
198 4074 257 4155 tit,
286 4089 385 4164 auget
405 4090 503 4167 atque
524 4071 734 4162 corroborat,
756 4101 815 4172 per
834 4079 979 4148 verbum'
992 4079 1099 4160 illud,
1128 4073 1264 4166 remissio·

197 4183 274 4259 nem
288 4175 511 4258 peccatpruiti,
541 4175 577 4228 ut
598 4185 676 4242 nos,
706 4160 760 4230 liic
784 4164 936 4232 omnibus
961 4165 1103 4260 perfecte
1123 4157 1263 4230 absolutis

190 4243 503 4344 ²npbtsqiteffnsdem
528 4262 711 4319 constanter
734 4247 1005 4335 adhaerentibus,
1027 4266 1075 4326 tel
1103 4246 1214 4317 mundo
1237 4261 1262 4304 tt
