2610 4900
261 257 286 300 ἰ
333 259 612 414 scateohismps
628 295 760 395 major.
809 287 814 298 ’
859 247 863 282 ³
910 377 913 384 ,
991 267 994 274 .
1038 237 1134 396 399!

39 483 142 547 Verum
158 475 210 548 bie
222 475 289 546 alia
303 499 419 546 rursus
434 477 530 564 nobis
547 475 707 548 incumbit
730 492 763 548 et
778 476 953 546 vehemens
977 474 1110 570 quidem

36 567 195 646 necessitas,
212 563 259 630 ut
265 577 371 630 tantas
387 587 541 650 unacum
558 567 631 632 Deo
644 577 790 656 acceptas
807 562 938 632 divitias
954 579 1109 632 constan·
1164 591 1166 600 ·

35 663 73 716 ter
84 672 116 717 ac
131 645 262 717 firmiter
277 645 494 730 retineamus,
514 673 621 742 neque
636 673 695 717 nos
710 647 779 718 ullo
798 649 897 718 modo
912 646 1109 725 avelliinde

33 735 182 824 patiamur.
223 737 308 801 Nam
323 732 601 826 quemadmodum
617 733 652 801 in
674 731 844 826 republica
868 731 963 800 bonis
981 730 1110 823 legibus

33 818 184 886 constituta
197 843 264 885 non
280 834 407 886 tantum
423 843 479 888 eos
496 843 566 887 csse
580 832 723 912 oportet,
745 815 803 912 qui
818 815 985 900 aedilium,
1032 845 1109 888 roca

32 917 121 1001 torurn
138 919 168 970 ct
176 901 422 1006 praefectorum
427 920 543 1056 partes
559 905 700 984 obeant,
722 901 785 1002 boc
801 918 850 1002 est
860 893 949 998 ,iqui
961 845 1107 1058 publicis

29 1001 153 1080 praesint
168 988 334 1068 aediliciis,
356 989 591 1058 ctolicrorum
629 985 903 1070 recuratiombus,
925 1012 958 1056 se
996 1005 1107 1074 etiam,

29 1071 75 1162 qui
87 1072 294 1168 imperatores
310 1090 425 1160 agant,
450 1071 508 1166 qui
525 1013 661 1143 hostiles
683 1069 1106 1168 incursionespropellant,
1167 1099 1197 1134 π

27 1154 72 1245 qui
87 1157 124 1226 ab
144 1155 291 1241 omuilri
311 1175 409 1250 atque
432 1157 558 1253 injuria.
572 1157 715 1252 patriam
733 1173 886 1226 tueantur
902 1158 1039 1246 sedolos
1058 1158 1109 1232 ita

26 1249 137 1338 qrroque
150 1241 219 1327 hic,
243 1241 433 1338 quanquam
446 1269 507 1340 pro
524 1269 574 1327 eo,
620 1243 686 1312 uod
701 1240 797 1310 nobis
810 1267 940 1324 ,summe
956 1269 1107 1324 necessa-

16 1344 92 1394 etum
113 1343 174 1410 est,
197 1329 381 1408 oravimus,
410 1352 528 1432 nempe
547 1345 584 1397 ut
618 1327 776 1428 'vangelii
794 1329 947 1396 fieremus
966 1355 1113 1424 compo-,¹

16 1423 75 1491 tes,
96 1437 199 1506 neque
215 1437 283 1482 non
303 1410 378 1482 fidei
394 1440 432 1483 ac
448 1411 590 1508 Spiritus
614 1430 716 1484 sancti
739 1412 935 1506 participes,
965 1414 1022 1505 qui
1044 1441 1104 1484 nos
1174 1445 1176 1454 ⁴

21 1512 113 1584 regat,
136 1497 306 1568 cDiaboli
321 1510 480 1594 potestate
499 1498 634 1580 liberct;
657 1497 744 1569 illud
769 1513 877 1566 tamen
899 1498 995 1571 nobis
1015 1521 1102 1592 quo-

20 1601 69 1670 que
83 1580 183 1651 nihilo
205 1583 339 1674 segnius
364 1587 525 1655 orandum
549 1601 614 1664 est,
645 1599 683 1658 ut
697 1582 900 1652 voluntatem
921 1607 1015 1654 suam
1031 1585 1104 1654 fieri

17 1665 141 1752 patiatur
162 1673 264 1744 Deus.
285 1739 287 1742 ,
314 1671 360 1736 Ut
381 1668 465 1738 enim
488 1669 523 1738 in
551 1669 684 1760 cognita
712 1669 848 1736 veritate
871 1672 1102 1762 persistamus,

16 1749 103 1820 mirae
123 1756 312 1824 exorientur
336 1754 539 1844 tragoediae,
570 1752 760 1847 multaeque
783 1752 1046 1848 impugnationes
1069 1772 1103 1824 et

16 1857 92 1902 casus
120 1839 217 1906 nobis
249 1855 345 1909 erunt
373 1837 569 1921 sufferendi,
603 1840 645 1907 ab
674 1837 826 1906 omnibus
857 1839 916 1920 iis,
952 1839 1011 1932 qui
1034 1839 1100 1910 duo

13 1919 108 2010 priora
130 1926 266 2010 summa·
282 1949 344 2017 ope
368 1923 526 2018 impedire
544 1923 694 1994 nituntur
717 1939 815 2076 atgue
837 1925 1036 1996 subvertere.

85 2011 188 2078 Nemo
206 2009 296 2078 enirn
309 2008 408 2078 facile
425 2010 544 2091 credit,
562 2007 668 2102 quam
687 2007 752 2077 Dio
777 2007 851 2084 olus
875 2009 1028 2078 omnibus
1042 2033 1097 2080 re-

11 2109 117 2179 pugnet
128 2093 272 2176 viribus,
295 2112 331 2169 ut
344 2093 401 2188 qui
415 2093 500 2164 ferre
515 2120 582 2162 non
597 2109 707 2188 potest
720 2097 1098 2187 quemquamscctedo7

11 2197 84 2258 cere,
105 2196 160 2248 aut
176 2177 300 2248 sincere
315 2180 462 2250 credere:
484 2204 591 2274 neque
609 2177 658 2247 illi
674 2180 753 2272 quid
780 2202 857 2246 uam
876 2195 984 2273 potest
1009 2181 1097 2252 acci-

11 2255 71 2328 dere
83 2263 211 2354 aegriris
236 2281 335 2359 atque
355 2263 539 2348 dolentius,
560 2289 661 2357 quam
687 2203 778 2364 quod
790 2263 879 2361 pidet
903 2281 1104 2366 nugacesbet'

10 2345 231 2419 abominabiles
249 2349 413 2433 doctrinas
429 2374 525 2430 suas,
549 2349 609 2418 sub
625 2367 861 2452 speciosissimo
885 2353 948 2419 Der
964 2375 1098 2420 nominc
1125 2411 1128 2418 .
1225 2377 1230 2386 ·

9 2427 163 2516 adoratas,
187 2438 260 2525 jam
273 2436 386 2506 exorla
400 2434 476 2520 xl'uce
494 2433 678 2525 Evangelii,
701 2433 829 2523 detegi,
845 2436 1006 2527 atqueita
1021 2452 1095 2504 tur-

9 2511 76 2664 piter
88 2521 300 2608 subsannari,
322 2519 458 2614 insuper
474 2545 491 2588 e
510 2523 694 2614 pectoribus
709 2519 883 2612 homiuum
903 2518 1026 2621 evellij
1041 2536 1095 2596 ta-
1200 2595 1203 2602 ,

9 2597 83 2700 ‚quss
99 2604 192 2674 clade
210 2605 305 2696 regni
321 2605 556 2758 suispomoeria
571 2604 735 2704 imminui.
759 2604 1095 2705 Quocircata'nquam
1120 2635 1125 2652 ¹
1154 2638 1157 2647 “

9 2709 136 2756 inimicus
150 2692 367 2782 irafflercitus¹
389 2705 484 2757 rcm1t
497 2714 659 2760 insaniens
668 2741 677 2772 ‚
701 2707 855 2785 omnique
870 2706 1027 2764 exercitus
1043 2692 1095 2762 sui

9 2772 104 2842 robore
120 2797 182 2844 nos
196 2774 338 2844 incurrit
352 2792 383 2845 et
397 2775 553 2844 adoritur.
595 2780 766 2845 Praeterea
790 2774 939 2846 omnium
955 2793 1093 2846 suorum

9 2857 105 2947 :opias
121 2859 186 2928 sibi
208 2860 414 2951 adjungens,
450 2859 567 2928 mundi
597 2885 729 2959 quoque
753 2875 785 2930 et
809 2853 963 2954 propriae
984 2859 1091 2932 carnis

9 2959 114 3011 rostrae
131 2945 221 3014 socia
239 2969 332 3024 arma
347 2944 468 3012 auxilio
483 2945 546 3014 sibi
564 2943 719 3040 deposcet.
769 2945 902 3014 Etenim
924 2969 999 3028 caro
1027 2949 1093 3014 nol

9 3039 51 3094 {tra
66 3053 123 3120 per
137 3055 171 3098 se
185 3032 364 3124 pigraest,
393 3045 425 3118 ert
443 3054 548 3124 prona
564 3031 606 3098 ad
631 3029 776 3111 malum,
804 3026 932 3116 tametsi
956 3031 1090 3101 verbum
1109 3113 1113 3120 ⁴

9 3111 50 3182 lei
69 3115 384 3209 apprehenderimus
405 3131 439 3184 'et
458 3115 639 3184 credamus.
692 3120 796 3184 Porro
819 3133 927 3184 autem
947 3116 1089 3186 mundus

9 3212 124 3267 extreme
156 3199 270 3267 malus
296 3216 327 3270 et
354 3199 526 3293 improbus
563 3197 650 3268 hunc
674 3197 709 3267 in
732 3225 792 3270 nos
808 3201 960 3268 omnibus
980 3201 1087 3272 modis

9 3284 292 3373 mitat-instigans
307 3309 344 3353 ac
362 3309 556 3379 provocans,
576 3286 759 3384 utobjeem
775 3285 1009 3378 impedimento
1027 3311 1087 3356 nos

9 3365 144 3466 atrebat,
176 3386 386 3466 prosternat,
420 3393 457 3439 ac
474 3369 699 3440 denuov1ctos
719 3387 837 3440 lterum
860 3393 919 3438 suo
944 3371 1085 3465 irnperio
1141 3444 1143 3452 Α
1228 3390 1253 3406 “

9 3451 148 3552 objiciat.
191 3461 282 3524 Haec
296 3470 363 3538 tota
376 3479 436 3523 sua
454 3452 606 3524 voluntas
626 3472 695 3538 est,
718 3457 777 3524 bas
793 3451 997 3546 cognitiones
1009 3483 1092 3532 ver-¹·

9 3551 34 3604 at
46 3563 78 3605 m
92 3540 229 3626 animo,
253 3537 316 3616 boc
332 3539 387 3608 diu
401 3557 565 3636 noctuque
582 3539 738 3623 molitur,
753 3567 813 3610 nec
826 3557 994 3612 momento
1009 3543 1085 3635 qui-

10 3634 61 3690 em'
77 3621 182 3720 quieti
206 3624 356 3715 indulget
379 3640 411 3694 et
434 3625 523 3704 otio,
555 3627 709 3722 pmnibus
725 3627 794 3694 suis
810 3626 953 3708 artibus’,
967 3695 972 3708 ,
987 3627 1083 3711 dolis,

9 3707 115 3790 isidis,
138 3709 345 3794 rationibus,
368 3711 474 3779 modis
488 3709 615 3812 viisque
633 3725 736 3801 utens,
760 3735 972 3806 quascunque
988 3737 1083 3801 erco-

9 3808 81 3862 1tare
99 3796 233 3888 poterit.

54 3882 176 3966 Quare
193 3905 262 3950 non
279 3883 345 3960 est,
370 3881 460 3980 quod
477 3873 658 3976 quidquam
674 3879 791 3952 certius
809 3853 910 3950 uobis
932 3882 1083 3952 futurum
1182 3935 1189 3940 -
1245 3921 1247 3928 1

9 3958 215 4046 olliccamur‚
233 3966 267 4032 si
290 3963 385 4032 nobis
404 3989 531 4035 animus
556 3981 604 4035 est
628 3991 698 4036 esse
723 3965 950 4050 Christianos,
964 4005 966 4016 ν
980 3993 1081 4061 quam
1109 3979 1116 3992 ”

9 4071 50 4114 un
66 4049 215 4130 Diabolo
227 4067 258 4118 et
272 4049 422 4118 omnibus
441 4051 565 4139 angelis
581 4052 663 4142 ejus,
685 4074 799 4144 neque
810 4067 876 4120 non
891 4077 965 4120 curn
979 4079 1080 4120 mun—

9 4155 38 4212 t,
56 4132 153 4206 nobis
172 4133 397 4228 suscipiendas
414 4160 482 4204 csse
497 4134 784 4218 inimicitias‚'nos
801 4137 954 4236 omnibus
971 4138 1079 4206 modis

22 4218 111 4296 omui
126 4219 297 4308 molestiae
313 4221 431 4312 genere
443 4221 608 4312 venatoris
627 4238 662 4294 et
676 4221 887 4314 intestatuus
927 4220 1086 4321 Ubicum:¹
1164 4265 1169 4275 ·
