<?xml version="1.0" encoding="UTF-8"?>
<!DOCTYPE html PUBLIC "-//W3C//DTD XHTML 1.0 Transitional//EN"
    "http://www.w3.org/TR/xhtml1/DTD/xhtml1-transitional.dtd">
<html xmlns="http://www.w3.org/1999/xhtml" xml:lang="en" lang="en">
 <head>
  <title>
</title>
<meta http-equiv="Content-Type" content="text/html;charset=utf-8" />
  <meta name='ocr-system' content='tesseract 3.04.00' />
  <meta name='ocr-capabilities' content='ocr_page ocr_carea ocr_par ocr_line ocrx_word'/>
</head>
<body>
  <div class='ocr_page' id='page_1' title='image "./librisymbolicie03churgoog/librisymbolicie03churgoog_0180.png"; bbox 0 0 2548 4906; ppageno 0'>
   <div class='ocr_carea' id='block_1_1' title="bbox 910 83 1080 166">
    <p class='ocr_par' dir='ltr' id='par_1_1' title="bbox 910 83 1080 166">
     <span class='ocr_line' id='line_1_1' title="bbox 910 83 1080 166; baseline -0.012 -22"><span class='ocrx_word' id='word_1_1' title='bbox 910 83 1080 166; x_wconf 45' lang='lat' dir='ltr'><strong>sip.</strong></span> 
     </span>
    </p>
   </div>
   <div class='ocr_carea' id='block_1_2' title="bbox 279 314 1075 410">
    <p class='ocr_par' dir='ltr' id='par_1_2' title="bbox 279 314 1157 410">
     <span class='ocr_line' id='line_1_2' title="bbox 279 314 1075 410; baseline -0.002 -10"><span class='ocrx_word' id='word_1_2' title='bbox 279 314 283 325; x_wconf 67' lang='grc'><em>’</em></span> <span class='ocrx_word' id='word_1_3' title='bbox 332 391 340 400; x_wconf 79' lang='grc'><strong><em>,</em></strong></span> <span class='ocrx_word' id='word_1_4' title='bbox 395 317 655 410; x_wconf 74' lang='lat' dir='ltr'><strong>confessionis.</strong></span> <span class='ocrx_word' id='word_1_5' title='bbox 882 347 885 352; x_wconf 82' lang='grc'>’</span> <span class='ocrx_word' id='word_1_6' title='bbox 1006 323 1075 401; x_wconf 75' lang='lat' dir='ltr'><strong>adt</strong></span> 
     </span>
    </p>
   </div>
   <div class='ocr_carea' id='block_1_3' title="bbox 13 500 1183 1450">
    <p class='ocr_par' dir='ltr' id='par_1_3' title="bbox 13 500 1183 1450">
     <span class='ocr_line' id='line_1_3' title="bbox 20 500 1083 597; baseline 0 -21"><span class='ocrx_word' id='word_1_7' title='bbox 20 509 69 576; x_wconf 81' lang='lat' dir='ltr'><strong>sic</strong></span> <span class='ocrx_word' id='word_1_8' title='bbox 82 502 230 576; x_wconf 79' lang='lat' dir='ltr'><strong>defendit</strong></span> <span class='ocrx_word' id='word_1_9' title='bbox 242 500 406 574; x_wconf 82' lang='lat' dir='ltr'><strong>humanos</strong></span> <span class='ocrx_word' id='word_1_10' title='bbox 426 501 549 592; x_wconf 80' lang='lat' dir='ltr'><strong>colors,</strong></span> <span class='ocrx_word' id='word_1_11' title='bbox 625 502 669 574; x_wconf 87' lang='lat' dir='ltr'><strong>od</strong></span> <span class='ocrx_word' id='word_1_12' title='bbox 688 501 876 597; x_wconf 79' lang='lat' dir='ltr'><strong>justificent.</strong></span> <span class='ocrx_word' id='word_1_13' title='bbox 918 502 1083 596; x_wconf 41' lang='lat' dir='ltr'><strong>Detrablf</strong></span> 
     </span>
     <span class='ocr_line' id='line_1_4' title="bbox 13 586 1078 685; baseline 0.002 -25"><span class='ocrx_word' id='word_1_14' title='bbox 13 590 139 660; x_wconf 87' lang='lat' dir='ltr'><strong>renim</strong></span> <span class='ocrx_word' id='word_1_15' title='bbox 160 587 267 685; x_wconf 79' lang='lat' dir='ltr'><strong>bonos</strong></span> <span class='ocrx_word' id='word_1_16' title='bbox 280 586 446 682; x_wconf 69' lang='lat' dir='ltr'><strong>¹Christo,⁴</strong></span> <span class='ocrx_word' id='word_1_17' title='bbox 470 614 546 685; x_wconf 77' lang='lat' dir='ltr'><strong>epm</strong></span> <span class='ocrx_word' id='word_1_18' title='bbox 596 603 709 672; x_wconf 87' lang='lat' dir='ltr'><strong>ocent,</strong></span> <span class='ocrx_word' id='word_1_19' title='bbox 740 590 830 682; x_wconf 88' lang='lat' dir='ltr'><strong>quod</strong></span> <span class='ocrx_word' id='word_1_20' title='bbox 852 614 921 660; x_wconf 89' lang='lat' dir='ltr'><strong>nou</strong></span> <span class='ocrx_word' id='word_1_21' title='bbox 941 615 1002 684; x_wconf 83' lang='lat' dir='ltr'><strong>pro</strong></span> <span class='ocrx_word' id='word_1_22' title='bbox 1028 605 1078 662; x_wconf 88' lang='lat' dir='ltr'><strong>ter</strong></span> 
     </span>
     <span class='ocr_line' id='line_1_5' title="bbox 13 616 1076 768; baseline 0.002 -23"><span class='ocrx_word' id='word_1_23' title='bbox 13 675 267 764; x_wconf 73' lang='lat' dir='ltr'><strong>bristumgratrs</strong></span> <span class='ocrx_word' id='word_1_24' title='bbox 285 672 498 766; x_wconf 64' lang='lat' dir='ltr'><strong>justificemur</strong></span> <span class='ocrx_word' id='word_1_25' title='bbox 512 697 571 768; x_wconf 90' lang='lat' dir='ltr'><strong>per</strong></span> <span class='ocrx_word' id='word_1_26' title='bbox 586 673 695 757; x_wconf 85' lang='lat' dir='ltr'><strong>fidem,</strong></span> <span class='ocrx_word' id='word_1_27' title='bbox 714 671 777 768; x_wconf 80' lang='lat' dir='ltr'><strong>sed</strong></span> <span class='ocrx_word' id='word_1_28' title='bbox 791 697 850 768; x_wconf 87' lang='lat' dir='ltr'><strong>per</strong></span> <span class='ocrx_word' id='word_1_29' title='bbox 866 673 946 744; x_wconf 87' lang='lat' dir='ltr'><strong>tales</strong></span> <span class='ocrx_word' id='word_1_30' title='bbox 960 616 1076 762; x_wconf 67' lang='lat' dir='ltr'><strong>colim,</strong></span> 
     </span>
     <span class='ocr_line' id='line_1_6' title="bbox 13 753 1076 858; baseline 0.002 -29"><span class='ocrx_word' id='word_1_31' title='bbox 13 759 118 830; x_wconf 78' lang='lat' dir='ltr'><strong>exime</strong></span> <span class='ocrx_word' id='word_1_32' title='bbox 144 785 185 827; x_wconf 87' lang='lat' dir='ltr'><strong>ue</strong></span> <span class='ocrx_word' id='word_1_33' title='bbox 207 781 280 826; x_wconf 89' lang='lat' dir='ltr'><strong>cum</strong></span> <span class='ocrx_word' id='word_1_34' title='bbox 302 757 433 840; x_wconf 79' lang='lat' dir='ltr'><strong>docent,</strong></span> <span class='ocrx_word' id='word_1_35' title='bbox 460 755 542 831; x_wconf 84' lang='lat' dir='ltr'><strong>tales</strong></span> <span class='ocrx_word' id='word_1_36' title='bbox 553 757 670 858; x_wconf 57' lang='lat' dir='ltr'><strong>,cultus</strong></span> <span class='ocrx_word' id='word_1_37' title='bbox 684 783 751 828; x_wconf 90' lang='lat' dir='ltr'><strong>non</strong></span> <span class='ocrx_word' id='word_1_38' title='bbox 770 753 878 829; x_wconf 90' lang='lat' dir='ltr'><strong>solum</strong></span> <span class='ocrx_word' id='word_1_39' title='bbox 895 757 993 830; x_wconf 86' lang='lat' dir='ltr'><strong>utiles</strong></span> <span class='ocrx_word' id='word_1_40' title='bbox 1005 785 1076 832; x_wconf 85' lang='lat' dir='ltr'><strong>esse</strong></span> 
     </span>
     <span class='ocr_line' id='line_1_7' title="bbox 13 785 1075 939; baseline 0.002 -26"><span class='ocrx_word' id='word_1_41' title='bbox 13 849 17 913; x_wconf 79' lang='lat' dir='ltr'><strong>l</strong></span> <span class='ocrx_word' id='word_1_42' title='bbox 32 785 313 939; x_wconf 77' lang='lat' dir='ltr'><strong>justitiiatiouem,</strong></span> <span class='ocrx_word' id='word_1_43' title='bbox 335 841 393 924; x_wconf 82' lang='lat' dir='ltr'><strong>sed</strong></span> <span class='ocrx_word' id='word_1_44' title='bbox 406 867 601 936; x_wconf 76' lang='lat' dir='ltr'><strong>necessarios</strong></span> <span class='ocrx_word' id='word_1_45' title='bbox 615 845 731 927; x_wconf 84' lang='lat' dir='ltr'><strong>etiam,</strong></span> <span class='ocrx_word' id='word_1_46' title='bbox 747 842 838 922; x_wconf 67' lang='lat' dir='ltr'><strong>¹sicut</strong></span> <span class='ocrx_word' id='word_1_47' title='bbox 853 867 954 938; x_wconf 90' lang='lat' dir='ltr'><strong>supra</strong></span> <span class='ocrx_word' id='word_1_48' title='bbox 968 845 1004 914; x_wconf 90' lang='lat' dir='ltr'><strong>in</strong></span> <span class='ocrx_word' id='word_1_49' title='bbox 1017 869 1075 915; x_wconf 85' lang='lat' dir='ltr'><strong>ar-</strong></span> 
     </span>
     <span class='ocr_line' id='line_1_8' title="bbox 13 925 1183 1021; baseline 0.003 -23"><span class='ocrx_word' id='word_1_50' title='bbox 13 929 220 1000; x_wconf 85' lang='lat' dir='ltr'><strong>:ulo-octavo</strong></span> <span class='ocrx_word' id='word_1_51' title='bbox 241 925 403 1009; x_wconf 88' lang='lat' dir='ltr'><strong>sentiunt,</strong></span> <span class='ocrx_word' id='word_1_52' title='bbox 434 925 491 995; x_wconf 90' lang='lat' dir='ltr'><strong>ubi</strong></span> <span class='ocrx_word' id='word_1_53' title='bbox 512 927 667 996; x_wconf 85' lang='lat' dir='ltr'><strong>damnant</strong></span> <span class='ocrx_word' id='word_1_54' title='bbox 688 943 768 1010; x_wconf 85' lang='lat' dir='ltr'><strong>nos,</strong></span> <span class='ocrx_word' id='word_1_55' title='bbox 803 927 893 1021; x_wconf 89' lang='lat' dir='ltr'><strong>quod</strong></span> <span class='ocrx_word' id='word_1_56' title='bbox 918 927 1076 1016; x_wconf 73' lang='lat' dir='ltr'><strong>diximus,</strong></span> <span class='ocrx_word' id='word_1_57' title='bbox 1178 973 1183 990; x_wconf 57' lang='grc' dir='ltr'><strong>ι</strong></span> 
     </span>
     <span class='ocr_line' id='line_1_9' title="bbox 13 992 1061 1114; baseline 0.004 -34"><span class='ocrx_word' id='word_1_58' title='bbox 13 1015 70 1082; x_wconf 87' lang='lat' dir='ltr'><strong>rod</strong></span> <span class='ocrx_word' id='word_1_59' title='bbox 91 1037 160 1082; x_wconf 89' lang='lat' dir='ltr'><strong>non</strong></span> <span class='ocrx_word' id='word_1_60' title='bbox 189 1009 234 1080; x_wconf 89' lang='lat' dir='ltr'><strong>sit</strong></span> <span class='ocrx_word' id='word_1_61' title='bbox 253 1011 488 1098; x_wconf 82' lang='lat' dir='ltr'><strong>necessarium,</strong></span> <span class='ocrx_word' id='word_1_62' title='bbox 521 1009 564 1080; x_wconf 90' lang='lat' dir='ltr'><strong>ad</strong></span> <span class='ocrx_word' id='word_1_63' title='bbox 585 1038 700 1114; x_wconf 69' lang='lat' dir='ltr'><strong>veram</strong></span> <span class='ocrx_word' id='word_1_64' title='bbox 719 992 877 1085; x_wconf 85' lang='lat' dir='ltr'><strong>unilatem</strong></span> <span class='ocrx_word' id='word_1_65' title='bbox 897 1011 1061 1088; x_wconf 75' lang='lat' dir='ltr'><strong>Ecclesiae</strong></span> 
     </span>
     <span class='ocr_line' id='line_1_10' title="bbox 13 1064 1076 1190; baseline 0.001 -22"><span class='ocrx_word' id='word_1_66' title='bbox 13 1097 101 1190; x_wconf 77' lang='lat' dir='ltr'><strong>›ique</strong></span> <span class='ocrx_word' id='word_1_67' title='bbox 123 1095 245 1166; x_wconf 82' lang='lat' dir='ltr'><strong>simile&#39;s</strong></span> <span class='ocrx_word' id='word_1_68' title='bbox 263 1119 331 1164; x_wconf 89' lang='lat' dir='ltr'><strong>esse</strong></span> <span class='ocrx_word' id='word_1_69' title='bbox 346 1095 430 1166; x_wconf 87' lang='lat' dir='ltr'><strong>ritus</strong></span> <span class='ocrx_word' id='word_1_70' title='bbox 453 1097 493 1166; x_wconf 90' lang='lat' dir='ltr'><strong>ab</strong></span> <span class='ocrx_word' id='word_1_71' title='bbox 518 1093 708 1168; x_wconf 88' lang='lat' dir='ltr'><strong>homiuibus</strong></span> <span class='ocrx_word' id='word_1_72' title='bbox 736 1095 912 1172; x_wconf 82' lang='lat' dir='ltr'><strong>institutos.</strong></span> <span class='ocrx_word' id='word_1_73' title='bbox 953 1064 1076 1170; x_wconf 85' lang='lat' dir='ltr'><strong>Daniel</strong></span> 
     </span>
     <span class='ocr_line' id='line_1_11' title="bbox 14 1178 1075 1278; baseline 0.005 -29"><span class='ocrx_word' id='word_1_74' title='bbox 14 1183 83 1278; x_wconf 91' lang='lat' dir='ltr'><strong>pite</strong></span> <span class='ocrx_word' id='word_1_75' title='bbox 106 1178 294 1262; x_wconf 86' lang='lat' dir='ltr'><strong>undecimo,</strong></span> <span class='ocrx_word' id='word_1_76' title='bbox 329 1179 615 1272; x_wconf 80' lang='lat' dir='ltr'><strong>signifieatnovos</strong></span> <span class='ocrx_word' id='word_1_77' title='bbox 635 1179 737 1251; x_wconf 83' lang='lat' dir='ltr'><strong>rul&#39;tus</strong></span> <span class='ocrx_word' id='word_1_78' title='bbox 754 1179 937 1267; x_wconf 83' lang='lat' dir='ltr'><strong>humanos,</strong></span> <span class='ocrx_word' id='word_1_79' title='bbox 966 1183 1075 1278; x_wconf 86' lang='lat' dir='ltr'>ipsam</span> 
     </span>
     <span class='ocr_line' id='line_1_12' title="bbox 13 1263 1076 1355; baseline 0.003 -19"><span class='ocrx_word' id='word_1_80' title='bbox 13 1291 118 1336; x_wconf 84' lang='lat' dir='ltr'><strong>rmam</strong></span> <span class='ocrx_word' id='word_1_81' title='bbox 141 1282 174 1336; x_wconf 91' lang='lat' dir='ltr'><strong>et</strong></span> <span class='ocrx_word' id='word_1_82' title='bbox 195 1267 361 1336; x_wconf 76' lang='grc' dir='ltr'><strong><em>πολιτείαν</em></strong></span> <span class='ocrx_word' id='word_1_83' title='bbox 387 1266 480 1355; x_wconf 81' lang='lat' dir='ltr'><strong>regui</strong></span> <span class='ocrx_word' id='word_1_84' title='bbox 500 1263 690 1338; x_wconf 85' lang='lat' dir='ltr'><strong>Antichristi</strong></span> <span class='ocrx_word' id='word_1_85' title='bbox 709 1265 791 1336; x_wconf 82' lang='lat' dir='ltr'><strong>lore.</strong></span> <span class='ocrx_word' id='word_1_86' title='bbox 834 1268 890 1338; x_wconf 87' lang='lat' dir='ltr'><strong>Sic</strong></span> <span class='ocrx_word' id='word_1_87' title='bbox 908 1265 995 1338; x_wconf 87' lang='lat' dir='ltr'><strong>enim</strong></span> <span class='ocrx_word' id='word_1_88' title='bbox 1017 1268 1076 1339; x_wconf 86' lang='lat' dir='ltr'><strong>in—</strong></span> 
     </span>
     <span class='ocr_line' id='line_1_13' title="bbox 13 1347 1171 1450; baseline 0.008 -32"><span class='ocrx_word' id='word_1_89' title='bbox 13 1352 65 1422; x_wconf 74' lang='lat' dir='ltr'><strong>iit:</strong></span> <span class='ocrx_word' id='word_1_90' title='bbox 101 1356 210 1422; x_wconf 90' lang='lat' dir='ltr'><strong>Deum</strong></span> <span class='ocrx_word' id='word_1_91' title='bbox 229 1351 373 1422; x_wconf 83' lang='lat' dir='ltr'><strong>Maosim</strong></span> <span class='ocrx_word' id='word_1_92' title='bbox 393 1349 429 1420; x_wconf 91' lang='lat' dir='ltr'><strong>iu</strong></span> <span class='ocrx_word' id='word_1_93' title='bbox 451 1349 524 1422; x_wconf 88' lang='lat' dir='ltr'><strong>loco</strong></span> <span class='ocrx_word' id='word_1_94' title='bbox 549 1347 609 1419; x_wconf 88' lang='lat' dir='ltr'><strong>siro</strong></span> <span class='ocrx_word' id='word_1_95' title='bbox 633 1349 734 1436; x_wconf 84' lang='lat' dir='ltr'><strong>colet,</strong></span> <span class='ocrx_word' id='word_1_96' title='bbox 763 1365 795 1425; x_wconf 86' lang='lat' dir='ltr'><strong>et</strong></span> <span class='ocrx_word' id='word_1_97' title='bbox 815 1352 943 1437; x_wconf 85' lang='lat' dir='ltr'><strong>Deum,</strong></span> <span class='ocrx_word' id='word_1_98' title='bbox 966 1359 1074 1450; x_wconf 76' lang='lat' dir='ltr'><strong>&#39;quem</strong></span> <span class='ocrx_word' id='word_1_99' title='bbox 1167 1365 1171 1372; x_wconf 82' lang='lat'>&#39;</span> 
     </span>
    </p>
   </div>
   <div class='ocr_carea' id='block_1_4' title="bbox 13 1433 1219 1538">
    <p class='ocr_par' dir='ltr' id='par_1_4' title="bbox 13 1433 1219 1538">
     <span class='ocr_line' id='line_1_14' title="bbox 13 1433 1219 1538; baseline 0.002 -34"><span class='ocrx_word' id='word_1_100' title='bbox 13 1463 43 1505; x_wconf 86' lang='lat' dir='ltr'><strong>m</strong></span> <span class='ocrx_word' id='word_1_101' title='bbox 56 1451 221 1535; x_wconf 74' lang='lat' dir='ltr'><strong>noverunt</strong></span> <span class='ocrx_word' id='word_1_102' title='bbox 236 1451 345 1532; x_wconf 88' lang='lat' dir='ltr'><strong>patres</strong></span> <span class='ocrx_word' id='word_1_103' title='bbox 361 1437 451 1528; x_wconf 86' lang='lat' dir='ltr'><strong>ejus,</strong></span> <span class='ocrx_word' id='word_1_104' title='bbox 481 1433 566 1509; x_wconf 91' lang='lat' dir='ltr'><strong>colet</strong></span> <span class='ocrx_word' id='word_1_105' title='bbox 578 1459 659 1505; x_wconf 92' lang='lat' dir='ltr'><strong>auro</strong></span> <span class='ocrx_word' id='word_1_106' title='bbox 676 1452 708 1504; x_wconf 90' lang='lat' dir='ltr'><strong>et</strong></span> <span class='ocrx_word' id='word_1_107' title='bbox 721 1454 876 1536; x_wconf 71' lang='lat' dir='ltr'><strong>argento,</strong></span> <span class='ocrx_word' id='word_1_108' title='bbox 895 1454 937 1536; x_wconf 33' lang='lat' dir='ltr'><strong>‘et</strong></span> <span class='ocrx_word' id='word_1_109' title='bbox 950 1437 1075 1538; x_wconf 76' lang='lat' dir='ltr'><strong>lapidi·</strong></span> <span class='ocrx_word' id='word_1_110' title='bbox 1156 1473 1161 1478; x_wconf 93' lang='lat'>·</span> <span class='ocrx_word' id='word_1_111' title='bbox 1217 1446 1219 1455; x_wconf 91' lang='lat'>&#39;</span> 
     </span>
    </p>
   </div>
   <div class='ocr_carea' id='block_1_5' title="bbox 13 1515 1197 2546">
    <p class='ocr_par' dir='ltr' id='par_1_5' title="bbox 13 1515 1197 2546">
     <span class='ocr_line' id='line_1_15' title="bbox 13 1515 1074 1620; baseline 0.005 -30"><span class='ocrx_word' id='word_1_112' title='bbox 13 1549 37 1590; x_wconf 78' lang='lat' dir='ltr'><strong>rs</strong></span> <span class='ocrx_word' id='word_1_113' title='bbox 50 1515 214 1620; x_wconf 76' lang='lat' dir='ltr'><strong>pretiosis.</strong></span> <span class='ocrx_word' id='word_1_114' title='bbox 256 1520 322 1592; x_wconf 86' lang='lat' dir='ltr'><strong>Hic</strong></span> <span class='ocrx_word' id='word_1_115' title='bbox 336 1517 490 1592; x_wconf 80' lang='lat' dir='ltr'><strong>describit</strong></span> <span class='ocrx_word' id='word_1_116' title='bbox 513 1545 618 1593; x_wconf 79' lang='lat' dir='ltr'><strong>noros</strong></span> <span class='ocrx_word' id='word_1_117' title='bbox 638 1520 764 1602; x_wconf 86' lang='lat' dir='ltr'><strong>cultus,</strong></span> <span class='ocrx_word' id='word_1_118' title='bbox 793 1546 872 1618; x_wconf 84' lang='lat' dir='ltr'><strong>qura</strong></span> <span class='ocrx_word' id='word_1_119' title='bbox 892 1539 1000 1617; x_wconf 83' lang='lat' dir='ltr'><strong>rnqurt</strong></span> <span class='ocrx_word' id='word_1_120' title='bbox 1020 1540 1074 1594; x_wconf 82' lang='lat' dir='ltr'><strong>ta-</strong></span> 
     </span>
     <span class='ocr_line' id='line_1_16' title="bbox 13 1603 1074 1698; baseline 0.002 -22"><span class='ocrx_word' id='word_1_121' title='bbox 13 1635 40 1676; x_wconf 92' lang='lat' dir='ltr'><strong>m</strong></span> <span class='ocrx_word' id='word_1_122' title='bbox 59 1613 171 1685; x_wconf 66' lang='lat' dir='ltr'><strong>Deum</strong></span> <span class='ocrx_word' id='word_1_123' title='bbox 186 1603 268 1689; x_wconf 90' lang='lat' dir='ltr'><strong>coli,</strong></span> <span class='ocrx_word' id='word_1_124' title='bbox 298 1605 429 1698; x_wconf 87' lang='lat' dir='ltr'><strong>qualem</strong></span> <span class='ocrx_word' id='word_1_125' title='bbox 447 1607 561 1676; x_wconf 88' lang='lat' dir='ltr'><strong>Patres</strong></span> <span class='ocrx_word' id='word_1_126' title='bbox 574 1603 808 1696; x_wconf 75' lang='lat' dir='ltr'><strong>ignoraverint.</strong></span> <span class='ocrx_word' id='word_1_127' title='bbox 857 1611 945 1679; x_wconf 87' lang='lat' dir='ltr'><strong>Nam</strong></span> <span class='ocrx_word' id='word_1_128' title='bbox 959 1612 993 1678; x_wconf 88' lang='lat' dir='ltr'><strong>S.</strong></span> <span class='ocrx_word' id='word_1_129' title='bbox 1004 1613 1074 1678; x_wconf 88' lang='lat' dir='ltr'><strong>Pa-</strong></span> 
     </span>
     <span class='ocr_line' id='line_1_17' title="bbox 13 1689 1078 1785; baseline 0.003 -26"><span class='ocrx_word' id='word_1_130' title='bbox 13 1718 42 1759; x_wconf 80' lang='lat' dir='ltr'><strong>es</strong></span> <span class='ocrx_word' id='word_1_131' title='bbox 58 1689 119 1760; x_wconf 90' lang='lat' dir='ltr'><strong>etsi</strong></span> <span class='ocrx_word' id='word_1_132' title='bbox 132 1690 319 1758; x_wconf 89' lang='lat' dir='ltr'><strong>babuerunt</strong></span> <span class='ocrx_word' id='word_1_133' title='bbox 341 1706 375 1760; x_wconf 85' lang='lat' dir='ltr'><strong>et</strong></span> <span class='ocrx_word' id='word_1_134' title='bbox 395 1689 460 1785; x_wconf 88' lang='lat' dir='ltr'><strong>ipsi</strong></span> <span class='ocrx_word' id='word_1_135' title='bbox 485 1691 566 1759; x_wconf 84' lang='lat' dir='ltr'><strong>ritus</strong></span> <span class='ocrx_word' id='word_1_136' title='bbox 590 1707 621 1759; x_wconf 91' lang='lat' dir='ltr'><strong>et</strong></span> <span class='ocrx_word' id='word_1_137' title='bbox 637 1689 846 1775; x_wconf 77' lang='lat' dir='ltr'><strong>traditiones,</strong></span> <span class='ocrx_word' id='word_1_138' title='bbox 876 1706 984 1762; x_wconf 82' lang='lat' dir='ltr'><strong>tamen</strong></span> <span class='ocrx_word' id='word_1_139' title='bbox 1007 1715 1078 1770; x_wconf 79' lang='lat' dir='ltr'><strong>non</strong></span> 
     </span>
     <span class='ocr_line' id='line_1_18' title="bbox 13 1773 1075 1867; baseline 0.002 -23"><span class='ocrx_word' id='word_1_140' title='bbox 13 1775 160 1846; x_wconf 85' lang='lat' dir='ltr'><strong>ntiebaut</strong></span> <span class='ocrx_word' id='word_1_141' title='bbox 172 1775 232 1844; x_wconf 85' lang='lat' dir='ltr'><strong>has</strong></span> <span class='ocrx_word' id='word_1_142' title='bbox 248 1796 298 1846; x_wconf 88' lang='lat' dir='ltr'><strong>res</strong></span> <span class='ocrx_word' id='word_1_143' title='bbox 312 1773 407 1844; x_wconf 89' lang='lat' dir='ltr'><strong>utiles</strong></span> <span class='ocrx_word' id='word_1_144' title='bbox 423 1790 481 1845; x_wconf 90' lang='lat' dir='ltr'><strong>aut</strong></span> <span class='ocrx_word' id='word_1_145' title='bbox 495 1773 691 1844; x_wconf 87' lang='lat' dir='ltr'><strong>necessarias</strong></span> <span class='ocrx_word' id='word_1_146' title='bbox 708 1801 777 1846; x_wconf 89' lang='lat' dir='ltr'><strong>esse</strong></span> <span class='ocrx_word' id='word_1_147' title='bbox 802 1777 844 1845; x_wconf 89' lang='lat' dir='ltr'><strong>ad</strong></span> <span class='ocrx_word' id='word_1_148' title='bbox 863 1775 1075 1867; x_wconf 83' lang='lat' dir='ltr'><strong>justificatio-</strong></span> 
     </span>
     <span class='ocr_line' id='line_1_19' title="bbox 13 1859 1074 1950; baseline 0.003 -23"><span class='ocrx_word' id='word_1_149' title='bbox 13 1887 73 1943; x_wconf 68' lang='grc' dir='ltr'><strong>ειη,</strong></span> <span class='ocrx_word' id='word_1_150' title='bbox 96 1875 164 1929; x_wconf 85' lang='lat' dir='ltr'><strong>nou</strong></span> <span class='ocrx_word' id='word_1_151' title='bbox 184 1860 398 1931; x_wconf 81' lang='lat' dir='ltr'><strong>obscurabant</strong></span> <span class='ocrx_word' id='word_1_152' title='bbox 413 1859 554 1950; x_wconf 82' lang='lat' dir='ltr'><strong>gloriam</strong></span> <span class='ocrx_word' id='word_1_153' title='bbox 567 1875 599 1928; x_wconf 90' lang='lat' dir='ltr'><strong>et</strong></span> <span class='ocrx_word' id='word_1_154' title='bbox 613 1859 757 1930; x_wconf 83' lang='lat' dir='ltr'><strong>osticium</strong></span> <span class='ocrx_word' id='word_1_155' title='bbox 776 1859 915 1944; x_wconf 84' lang='lat' dir='ltr'><strong>Christi,</strong></span> <span class='ocrx_word' id='word_1_156' title='bbox 939 1861 997 1932; x_wconf 88' lang='lat' dir='ltr'><strong>sed</strong></span> <span class='ocrx_word' id='word_1_157' title='bbox 1011 1861 1074 1930; x_wconf 79' lang='lat' dir='ltr'><strong>do·</strong></span> 
     </span>
     <span class='ocr_line' id='line_1_20' title="bbox 13 1943 1074 2100; baseline 0.002 -86"><span class='ocrx_word' id='word_1_158' title='bbox 13 1947 94 2014; x_wconf 86' lang='lat' dir='ltr'><strong>bant</strong></span> <span class='ocrx_word' id='word_1_159' title='bbox 108 1970 167 2024; x_wconf 89' lang='lat' dir='ltr'><strong>nos</strong></span> <span class='ocrx_word' id='word_1_160' title='bbox 181 1943 351 2036; x_wconf 81' lang='lat' dir='ltr'><strong>justificari</strong></span> <span class='ocrx_word' id='word_1_161' title='bbox 368 1945 430 2014; x_wconf 88' lang='lat' dir='ltr'><strong>lide</strong></span> <span class='ocrx_word' id='word_1_162' title='bbox 448 1943 776 2044; x_wconf 67' lang='lat' dir='ltr'><strong>propter-3Christum,</strong></span> <span class='ocrx_word' id='word_1_163' title='bbox 798 1943 866 2020; x_wconf 85' lang='lat' dir='ltr'><strong>nou</strong></span> <span class='ocrx_word' id='word_1_164' title='bbox 877 1963 1016 2100; x_wconf 74' lang='lat' dir='ltr'><strong>propter</strong></span> <span class='ocrx_word' id='word_1_165' title='bbox 1030 1945 1074 2016; x_wconf 81' lang='lat' dir='ltr'><strong>il-</strong></span> 
     </span>
     <span class='ocr_line' id='line_1_21' title="bbox 13 2027 875 2104; baseline 0.001 -4"><span class='ocrx_word' id='word_1_166' title='bbox 13 2057 26 2100; x_wconf 90' lang='lat' dir='ltr'><strong>s</strong></span> <span class='ocrx_word' id='word_1_167' title='bbox 43 2029 205 2100; x_wconf 88' lang='lat' dir='ltr'><strong>humanos</strong></span> <span class='ocrx_word' id='word_1_168' title='bbox 221 2030 336 2104; x_wconf 88' lang='lat' dir='ltr'><strong>cultus.</strong></span> <span class='ocrx_word' id='word_1_169' title='bbox 380 2031 554 2100; x_wconf 86' lang='lat' dir='ltr'><strong>Caeterum</strong></span> <span class='ocrx_word' id='word_1_170' title='bbox 569 2047 652 2099; x_wconf 79' lang='lat' dir='ltr'><strong>ritus</strong></span> <span class='ocrx_word' id='word_1_171' title='bbox 672 2027 834 2100; x_wconf 88' lang='lat' dir='ltr'><strong>humanos</strong></span> <span class='ocrx_word' id='word_1_172' title='bbox 856 2057 875 2101; x_wconf 94' lang='lat' dir='ltr'><strong>o</strong></span> 
     </span>
     <span class='ocr_line' id='line_1_22' title="bbox 14 2113 1073 2213; baseline 0.002 -29"><span class='ocrx_word' id='word_1_173' title='bbox 14 2131 111 2210; x_wconf 79' lang='lat' dir='ltr'><strong>optor</strong></span> <span class='ocrx_word' id='word_1_174' title='bbox 124 2113 297 2184; x_wconf 81' lang='lat' dir='ltr'><strong>utilitatem</strong></span> <span class='ocrx_word' id='word_1_175' title='bbox 311 2113 534 2210; x_wconf 83' lang='lat' dir='ltr'><strong>corporalem,</strong></span> <span class='ocrx_word' id='word_1_176' title='bbox 558 2132 595 2183; x_wconf 89' lang='lat' dir='ltr'><strong>ut</strong></span> <span class='ocrx_word' id='word_1_177' title='bbox 608 2118 706 2186; x_wconf 87' lang='lat' dir='ltr'><strong>sciret</strong></span> <span class='ocrx_word' id='word_1_178' title='bbox 718 2115 882 2213; x_wconf 81' lang='lat' dir='ltr'><strong>populus,</strong></span> <span class='ocrx_word' id='word_1_179' title='bbox 905 2142 970 2212; x_wconf 84' lang='lat' dir='ltr'><strong>quo</strong></span> <span class='ocrx_word' id='word_1_180' title='bbox 988 2132 1073 2204; x_wconf 76' lang='lat' dir='ltr'><strong>tem-</strong></span> 
     </span>
     <span class='ocr_line' id='line_1_23' title="bbox 13 2199 1197 2290; baseline 0.002 -22"><span class='ocrx_word' id='word_1_181' title='bbox 13 2227 58 2269; x_wconf 76' lang='lat' dir='ltr'><strong>›re</strong></span> <span class='ocrx_word' id='word_1_182' title='bbox 74 2199 330 2268; x_wconf 87' lang='lat' dir='ltr'><strong>conveniendum</strong></span> <span class='ocrx_word' id='word_1_183' title='bbox 347 2216 444 2282; x_wconf 87' lang='lat' dir='ltr'><strong>essct,</strong></span> <span class='ocrx_word' id='word_1_184' title='bbox 474 2216 511 2270; x_wconf 91' lang='lat' dir='ltr'><strong>ut</strong></span> <span class='ocrx_word' id='word_1_185' title='bbox 533 2200 647 2268; x_wconf 88' lang='lat' dir='ltr'><strong>ordine</strong></span> <span class='ocrx_word' id='word_1_186' title='bbox 671 2215 866 2290; x_wconf 79' lang='lat' dir='ltr'><strong>etgravrter</strong></span> <span class='ocrx_word' id='word_1_187' title='bbox 886 2199 920 2268; x_wconf 90' lang='lat' dir='ltr'><strong>in</strong></span> <span class='ocrx_word' id='word_1_188' title='bbox 941 2216 1004 2270; x_wconf 84' lang='lat' dir='ltr'><strong>tem</strong></span> <span class='ocrx_word' id='word_1_189' title='bbox 1030 2199 1071 2270; x_wconf 91' lang='lat' dir='ltr'><strong>lis</strong></span> <span class='ocrx_word' id='word_1_190' title='bbox 1117 2238 1121 2246; x_wconf 55' lang='lat'><strong><em>⁴</em></strong></span> <span class='ocrx_word' id='word_1_191' title='bbox 1195 2219 1197 2227; x_wconf 62' lang='lat'><strong>⁴</strong></span> 
     </span>
     <span class='ocr_line' id='line_1_24' title="bbox 13 2229 1075 2380; baseline 0.003 -28"><span class='ocrx_word' id='word_1_192' title='bbox 13 2283 235 2379; x_wconf 78' lang='lat' dir='ltr'><strong>emplieausa</strong></span> <span class='ocrx_word' id='word_1_193' title='bbox 248 2286 362 2353; x_wconf 81' lang='lat' dir='ltr'><strong>fiererit</strong></span> <span class='ocrx_word' id='word_1_194' title='bbox 383 2282 515 2370; x_wconf 84' lang='lat' dir='ltr'><strong>omnia,</strong></span> <span class='ocrx_word' id='word_1_195' title='bbox 545 2283 682 2380; x_wconf 86' lang='lat' dir='ltr'><strong>denique</strong></span> <span class='ocrx_word' id='word_1_196' title='bbox 706 2283 996 2376; x_wconf 74' lang='lat' dir='ltr'><strong>utvulgusetiam</strong></span> <span class='ocrx_word' id='word_1_197' title='bbox 1007 2229 1075 2354; x_wconf 82' lang='lat' dir='ltr'><strong>ba-</strong></span> 
     </span>
     <span class='ocr_line' id='line_1_25' title="bbox 13 2367 1167 2461; baseline 0.002 -25"><span class='ocrx_word' id='word_1_198' title='bbox 13 2386 70 2437; x_wconf 72' lang='lat' dir='ltr'><strong>:ret</strong></span> <span class='ocrx_word' id='word_1_199' title='bbox 84 2369 249 2460; x_wconf 87' lang='lat' dir='ltr'><strong>quandam</strong></span> <span class='ocrx_word' id='word_1_200' title='bbox 265 2367 522 2461; x_wconf 70' lang='lat' dir='ltr'><strong>paedagogiam.&#39;‚</strong></span> <span class='ocrx_word' id='word_1_201' title='bbox 554 2375 641 2438; x_wconf 86' lang='lat' dir='ltr'><strong>Nam</strong></span> <span class='ocrx_word' id='word_1_202' title='bbox 664 2367 854 2437; x_wconf 86' lang='lat' dir='ltr'><strong>discrimina</strong></span> <span class='ocrx_word' id='word_1_203' title='bbox 868 2385 1084 2459; x_wconf 72' lang='lat' dir='ltr'><strong>temporum,</strong></span> <span class='ocrx_word' id='word_1_204' title='bbox 1161 2441 1167 2450; x_wconf 71' lang='grc'>,</span> 
     </span>
     <span class='ocr_line' id='line_1_26' title="bbox 26 2451 1120 2546; baseline 0.004 -26"><span class='ocrx_word' id='word_1_205' title='bbox 26 2454 163 2522; x_wconf 82' lang='lat' dir='ltr'><strong>varietas</strong></span> <span class='ocrx_word' id='word_1_206' title='bbox 178 2452 300 2522; x_wconf 84' lang='lat' dir='ltr'><strong>rituum</strong></span> <span class='ocrx_word' id='word_1_207' title='bbox 316 2453 401 2524; x_wconf 83' lang='lat' dir='ltr'><strong>valet</strong></span> <span class='ocrx_word' id='word_1_208' title='bbox 416 2453 459 2525; x_wconf 90' lang='lat' dir='ltr'><strong>ad</strong></span> <span class='ocrx_word' id='word_1_209' title='bbox 478 2453 722 2524; x_wconf 84' lang='lat' dir='ltr'><strong>admonendum</strong></span> <span class='ocrx_word' id='word_1_210' title='bbox 736 2451 866 2546; x_wconf 87' lang='lat' dir='ltr'><strong>vulgus.</strong></span> <span class='ocrx_word' id='word_1_211' title='bbox 909 2457 977 2525; x_wconf 85' lang='lat' dir='ltr'><strong>Has</strong></span> <span class='ocrx_word' id='word_1_212' title='bbox 993 2479 1073 2526; x_wconf 81' lang='lat' dir='ltr'><strong>cau-</strong></span> <span class='ocrx_word' id='word_1_213' title='bbox 1117 2509 1120 2524; x_wconf 89' lang='lat'>.</span> 
     </span>
    </p>
   </div>
   <div class='ocr_carea' id='block_1_6' title="bbox 899 2031 1183 2112">
    <p class='ocr_par' dir='ltr' id='par_1_6' title="bbox 899 2031 1183 2112">
     <span class='ocr_line' id='line_1_27' title="bbox 899 2031 1183 2112; baseline 0.025 -13"><span class='ocrx_word' id='word_1_214' title='bbox 899 2031 1078 2112; x_wconf 79' lang='lat' dir='ltr'><strong>servabant</strong></span> <span class='ocrx_word' id='word_1_215' title='bbox 1112 2095 1119 2110; x_wconf 27' lang='grc' dir='ltr'>χ</span> <span class='ocrx_word' id='word_1_216' title='bbox 1177 2099 1183 2106; x_wconf 93' lang='grc'><strong><em>.</em></strong></span> 
     </span>
    </p>
   </div>
   <div class='ocr_carea' id='block_1_7' title="bbox 14 2537 1261 2695">
    <p class='ocr_par' dir='ltr' id='par_1_7' title="bbox 14 2537 1261 2695">
     <span class='ocr_line' id='line_1_28' title="bbox 14 2537 1261 2695; baseline 0.002 -87"><span class='ocrx_word' id='word_1_217' title='bbox 14 2564 27 2608; x_wconf 92' lang='lat' dir='ltr'><strong>s</strong></span> <span class='ocrx_word' id='word_1_218' title='bbox 52 2537 218 2606; x_wconf 88' lang='lat' dir='ltr'><strong>habebant</strong></span> <span class='ocrx_word' id='word_1_219' title='bbox 240 2539 354 2608; x_wconf 86' lang='lat' dir='ltr'><strong>Patres</strong></span> <span class='ocrx_word' id='word_1_220' title='bbox 372 2537 497 2620; x_wconf 81' lang='lat' dir='ltr'><strong>rituum</strong></span> <span class='ocrx_word' id='word_1_221' title='bbox 523 2537 775 2622; x_wconf 88' lang='lat' dir='ltr'><strong>servandorum,</strong></span> <span class='ocrx_word' id='word_1_222' title='bbox 803 2554 835 2608; x_wconf 93' lang='lat' dir='ltr'><strong>et</strong></span> <span class='ocrx_word' id='word_1_223' title='bbox 857 2554 994 2695; x_wconf 67' lang='lat' dir='ltr'><strong>ppopter</strong></span> <span class='ocrx_word' id='word_1_224' title='bbox 1014 2537 1074 2615; x_wconf 84' lang='lat' dir='ltr'><strong>bas</strong></span> <span class='ocrx_word' id='word_1_225' title='bbox 1175 2574 1187 2595; x_wconf 66' lang='grc' dir='ltr'><strong><em>τ</em></strong></span> <span class='ocrx_word' id='word_1_226' title='bbox 1260 2569 1261 2578; x_wconf 63' lang='grc'>’</span> 
     </span>
    </p>
   </div>
   <div class='ocr_carea' id='block_1_8' title="bbox 14 2623 1217 4386">
    <p class='ocr_par' dir='ltr' id='par_1_8' title="bbox 14 2623 1217 4386">
     <span class='ocr_line' id='line_1_29' title="bbox 14 2623 1099 2718; baseline -0.001 -28"><span class='ocrx_word' id='word_1_227' title='bbox 14 2627 89 2702; x_wconf 87' lang='lat' dir='ltr'><strong>usas</strong></span> <span class='ocrx_word' id='word_1_228' title='bbox 107 2649 168 2691; x_wconf 92' lang='lat' dir='ltr'><strong>uos</strong></span> <span class='ocrx_word' id='word_1_229' title='bbox 182 2625 311 2718; x_wconf 87' lang='lat' dir='ltr'><strong>quoque</strong></span> <span class='ocrx_word' id='word_1_230' title='bbox 325 2641 408 2710; x_wconf 80' lang='lat' dir='ltr'><strong>recte</strong></span> <span class='ocrx_word' id='word_1_231' title='bbox 423 2649 550 2711; x_wconf 70' lang='lat' dir='ltr'><strong>servare</strong></span> <span class='ocrx_word' id='word_1_232' title='bbox 567 2623 757 2694; x_wconf 85' lang='lat' dir='ltr'><strong>traditiones</strong></span> <span class='ocrx_word' id='word_1_233' title='bbox 772 2647 916 2718; x_wconf 74' lang='lat' dir='ltr'><strong>possent</strong></span> <span class='ocrx_word' id='word_1_234' title='bbox 940 2648 1076 2718; x_wconf 68' lang='lat' dir='ltr'><strong>neamus,</strong></span> <span class='ocrx_word' id='word_1_235' title='bbox 1095 2676 1099 2688; x_wconf 92' lang='lat'>.</span> 
     </span>
     <span class='ocr_line' id='line_1_30' title="bbox 14 2705 1077 2796; baseline 0.004 -20"><span class='ocrx_word' id='word_1_236' title='bbox 14 2713 20 2776; x_wconf 74' lang='lat' dir='ltr'><strong>t</strong></span> <span class='ocrx_word' id='word_1_237' title='bbox 37 2707 132 2778; x_wconf 88' lang='lat' dir='ltr'><strong>valde&#39;</strong></span> <span class='ocrx_word' id='word_1_238' title='bbox 145 2705 315 2796; x_wconf 80' lang='lat' dir='ltr'><strong>miramur,</strong></span> <span class='ocrx_word' id='word_1_239' title='bbox 338 2709 539 2780; x_wconf 79' lang='lat' dir='ltr'><strong>adversarios</strong></span> <span class='ocrx_word' id='word_1_240' title='bbox 558 2705 657 2794; x_wconf 78' lang='lat' dir='ltr'><strong>alium</strong></span> <span class='ocrx_word' id='word_1_241' title='bbox 675 2708 774 2776; x_wconf 87' lang='lat' dir='ltr'><strong>linem</strong></span> <span class='ocrx_word' id='word_1_242' title='bbox 787 2708 1001 2782; x_wconf 83' lang='lat' dir='ltr'><strong>traditionum</strong></span> <span class='ocrx_word' id='word_1_243' title='bbox 1016 2705 1077 2782; x_wconf 86' lang='lat' dir='ltr'><strong>de-.</strong></span> 
     </span>
     <span class='ocr_line' id='line_1_31' title="bbox 14 2788 1206 2888; baseline 0 -26"><span class='ocrx_word' id='word_1_244' title='bbox 14 2796 127 2876; x_wconf 86' lang='lat' dir='ltr'><strong>odere,</strong></span> <span class='ocrx_word' id='word_1_245' title='bbox 150 2791 240 2887; x_wconf 88' lang='lat' dir='ltr'><strong>quod</strong></span> <span class='ocrx_word' id='word_1_246' title='bbox 251 2791 402 2863; x_wconf 89' lang='lat' dir='ltr'><strong>videlicet</strong></span> <span class='ocrx_word' id='word_1_247' title='bbox 416 2788 603 2864; x_wconf 79' lang='lat' dir='ltr'><strong>mereantur</strong></span> <span class='ocrx_word' id='word_1_248' title='bbox 617 2792 841 2862; x_wconf 83' lang='lat' dir='ltr'><strong>remissionem</strong></span> <span class='ocrx_word' id='word_1_249' title='bbox 856 2809 1076 2888; x_wconf 88' lang='lat' dir='ltr'><strong>peccatorum,</strong></span> <span class='ocrx_word' id='word_1_250' title='bbox 1201 2845 1206 2852; x_wconf 78' lang='grc'>.</span> 
     </span>
     <span class='ocr_line' id='line_1_32' title="bbox 14 2875 1217 2974; baseline 0.002 -27"><span class='ocrx_word' id='word_1_251' title='bbox 14 2879 134 2960; x_wconf 78' lang='lat' dir='ltr'><strong>etiarn,</strong></span> <span class='ocrx_word' id='word_1_252' title='bbox 163 2894 219 2945; x_wconf 79' lang='lat' dir='ltr'><strong>ant</strong></span> <span class='ocrx_word' id='word_1_253' title='bbox 236 2877 513 2970; x_wconf 82' lang='lat' dir='ltr'><strong>justificationem.</strong></span> <span class='ocrx_word' id='word_1_254' title='bbox 557 2875 649 2966; x_wconf 85' lang='lat' dir='ltr'><strong>Quid</strong></span> <span class='ocrx_word' id='word_1_255' title='bbox 674 2875 849 2948; x_wconf 86' lang='lat' dir='ltr'><strong>bocaliud</strong></span> <span class='ocrx_word' id='word_1_256' title='bbox 869 2894 941 2964; x_wconf 85' lang='lat' dir='ltr'><strong>est,</strong></span> <span class='ocrx_word' id='word_1_257' title='bbox 974 2902 1077 2974; x_wconf 87' lang='lat' dir='ltr'><strong>quarn</strong></span> <span class='ocrx_word' id='word_1_258' title='bbox 1121 2877 1134 2892; x_wconf 75' lang='lat'><strong><em>‘</em></strong></span> <span class='ocrx_word' id='word_1_259' title='bbox 1169 2907 1178 2950; x_wconf 69' lang='grc' dir='ltr'><em>ι</em></span> <span class='ocrx_word' id='word_1_260' title='bbox 1214 2875 1217 2890; x_wconf 82' lang='grc'><strong>’</strong></span> 
     </span>
     <span class='ocr_line' id='line_1_33' title="bbox 14 2959 1077 3061; baseline 0.002 -33"><span class='ocrx_word' id='word_1_261' title='bbox 14 2959 83 3031; x_wconf 90' lang='lat' dir='ltr'><strong>lere</strong></span> <span class='ocrx_word' id='word_1_262' title='bbox 98 2966 205 3030; x_wconf 91' lang='lat' dir='ltr'><strong>Deum</strong></span> <span class='ocrx_word' id='word_1_263' title='bbox 220 2976 325 3048; x_wconf 73' lang='lat' dir='ltr'><strong>auro,</strong></span> <span class='ocrx_word' id='word_1_264' title='bbox 358 2981 390 3031; x_wconf 90' lang='lat' dir='ltr'><strong>et</strong></span> <span class='ocrx_word' id='word_1_265' title='bbox 409 2987 446 3034; x_wconf 80' lang='lat' dir='ltr'><strong>ar</strong></span> <span class='ocrx_word' id='word_1_266' title='bbox 471 2981 564 3046; x_wconf 86' lang='lat' dir='ltr'><strong>ento,</strong></span> <span class='ocrx_word' id='word_1_267' title='bbox 592 2977 625 3030; x_wconf 87' lang='lat' dir='ltr'><strong>et</strong></span> <span class='ocrx_word' id='word_1_268' title='bbox 644 2961 750 3038; x_wconf 82' lang='lat' dir='ltr'><strong>rebus</strong></span> <span class='ocrx_word' id='word_1_269' title='bbox 763 2961 942 3061; x_wconf 72' lang='lat' dir='ltr'><strong>pretiosis,</strong></span> <span class='ocrx_word' id='word_1_270' title='bbox 960 2962 995 3032; x_wconf 85' lang='lat' dir='ltr'><strong>id</strong></span> <span class='ocrx_word' id='word_1_271' title='bbox 1016 2979 1077 3047; x_wconf 90' lang='lat' dir='ltr'><strong>est,</strong></span> 
     </span>
     <span class='ocr_line' id='line_1_34' title="bbox 14 2989 1079 3142; baseline 0.004 -30"><span class='ocrx_word' id='word_1_272' title='bbox 14 3044 131 3126; x_wconf 72' lang='lat' dir='ltr'><strong>ntirc,</strong></span> <span class='ocrx_word' id='word_1_273' title='bbox 150 3040 237 3138; x_wconf 90' lang='lat' dir='ltr'><strong>quod</strong></span> <span class='ocrx_word' id='word_1_274' title='bbox 255 3049 344 3114; x_wconf 85' lang='lat' dir='ltr'><strong>Deus</strong></span> <span class='ocrx_word' id='word_1_275' title='bbox 368 3049 423 3130; x_wconf 81' lang='lat' dir='ltr'><strong>liat</strong></span> <span class='ocrx_word' id='word_1_276' title='bbox 437 2989 584 3142; x_wconf 78' lang='lat' dir='ltr'><strong>pilaeatits</strong></span> <span class='ocrx_word' id='word_1_277' title='bbox 610 3045 767 3120; x_wconf 84' lang='lat' dir='ltr'><strong>varietate</strong></span> <span class='ocrx_word' id='word_1_278' title='bbox 791 3048 955 3128; x_wconf 73' lang='lat' dir='ltr'><strong>vestitus,</strong></span> <span class='ocrx_word' id='word_1_279' title='bbox 978 3071 1079 3118; x_wconf 84' lang='lat' dir='ltr'><strong>orna-</strong></span> 
     </span>
     <span class='ocr_line' id='line_1_35' title="bbox 14 3128 1130 3228; baseline 0.004 -30"><span class='ocrx_word' id='word_1_280' title='bbox 14 3146 184 3227; x_wconf 75' lang='lat' dir='ltr'><strong>entorum,</strong></span> <span class='ocrx_word' id='word_1_281' title='bbox 214 3146 248 3200; x_wconf 86' lang='lat' dir='ltr'><strong>et</strong></span> <span class='ocrx_word' id='word_1_282' title='bbox 259 3129 422 3228; x_wconf 80' lang='lat' dir='ltr'><strong>similibus</strong></span> <span class='ocrx_word' id='word_1_283' title='bbox 437 3128 578 3223; x_wconf 79' lang='lat' dir='ltr'><strong>ritibus,</strong></span> <span class='ocrx_word' id='word_1_284' title='bbox 599 3129 715 3226; x_wconf 86' lang='lat' dir='ltr'><strong>quales</strong></span> <span class='ocrx_word' id='word_1_285' title='bbox 734 3148 810 3201; x_wconf 89' lang='lat' dir='ltr'><strong>suut</strong></span> <span class='ocrx_word' id='word_1_286' title='bbox 825 3128 944 3200; x_wconf 80' lang='lat' dir='ltr'><strong>infiniti</strong></span> <span class='ocrx_word' id='word_1_287' title='bbox 958 3129 994 3201; x_wconf 86' lang='lat' dir='ltr'><strong>in</strong></span> <span class='ocrx_word' id='word_1_288' title='bbox 1008 3147 1079 3202; x_wconf 83' lang='lat' dir='ltr'><strong>tra-</strong></span> <span class='ocrx_word' id='word_1_289' title='bbox 1126 3199 1130 3210; x_wconf 91' lang='grc'><em>,</em></span> 
     </span>
     <span class='ocr_line' id='line_1_36' title="bbox 14 3212 1108 3284; baseline -0.002 0"><span class='ocrx_word' id='word_1_290' title='bbox 14 3213 161 3284; x_wconf 78' lang='lat' dir='ltr'><strong>tionibus</strong></span> <span class='ocrx_word' id='word_1_291' title='bbox 181 3212 344 3284; x_wconf 75' lang='lat' dir='ltr'><strong>humanis.</strong></span> <span class='ocrx_word' id='word_1_292' title='bbox 748 3243 749 3248; x_wconf 48' lang='lat'>¹</span> <span class='ocrx_word' id='word_1_293' title='bbox 1104 3220 1108 3228; x_wconf 84' lang='grc'><strong>’</strong></span> 
     </span>
     <span class='ocr_line' id='line_1_37' title="bbox 63 3294 1079 3407; baseline 0.004 -39"><span class='ocrx_word' id='word_1_294' title='bbox 63 3296 189 3368; x_wconf 87' lang='lat' dir='ltr'><strong>Paulus</strong></span> <span class='ocrx_word' id='word_1_295' title='bbox 205 3295 247 3368; x_wconf 91' lang='lat' dir='ltr'><strong>ad</strong></span> <span class='ocrx_word' id='word_1_296' title='bbox 265 3294 478 3370; x_wconf 82' lang='lat' dir='ltr'><strong>Colossenses</strong></span> <span class='ocrx_word' id='word_1_297' title='bbox 490 3297 622 3381; x_wconf 83' lang='lat' dir='ltr'><strong>scribit,</strong></span> <span class='ocrx_word' id='word_1_298' title='bbox 652 3297 843 3371; x_wconf 84' lang='lat' dir='ltr'><strong>traditiones</strong></span> <span class='ocrx_word' id='word_1_299' title='bbox 863 3296 984 3371; x_wconf 88' lang='lat' dir='ltr'><strong>babere</strong></span> <span class='ocrx_word' id='word_1_300' title='bbox 1000 3324 1079 3407; x_wconf 84' lang='lat' dir='ltr'><strong>spe·</strong></span> 
     </span>
     <span class='ocr_line' id='line_1_38' title="bbox 14 3382 1080 3480; baseline 0.008 -28"><span class='ocrx_word' id='word_1_301' title='bbox 14 3409 61 3474; x_wconf 83' lang='lat' dir='ltr'><strong>em</strong></span> <span class='ocrx_word' id='word_1_302' title='bbox 89 3382 275 3478; x_wconf 80' lang='lat' dir='ltr'><strong>sapientiae.</strong></span> <span class='ocrx_word' id='word_1_303' title='bbox 316 3387 361 3454; x_wconf 88' lang='lat' dir='ltr'><strong>Et</strong></span> <span class='ocrx_word' id='word_1_304' title='bbox 377 3382 509 3456; x_wconf 27' lang='lat' dir='ltr'><strong>,babent</strong></span> <span class='ocrx_word' id='word_1_305' title='bbox 542 3385 701 3480; x_wconf 84' lang='lat' dir='ltr'><strong>profecto.</strong></span> <span class='ocrx_word' id='word_1_306' title='bbox 743 3389 830 3456; x_wconf 88' lang='lat' dir='ltr'><strong>Nam</strong></span> <span class='ocrx_word' id='word_1_307' title='bbox 858 3383 990 3469; x_wconf 61' lang='grc' dir='ltr'><strong>εὐεαξέα</strong></span> <span class='ocrx_word' id='word_1_308' title='bbox 1017 3383 1080 3462; x_wconf 78' lang='lat' dir='ltr'><strong>rlla</strong></span> 
     </span>
     <span class='ocr_line' id='line_1_39' title="bbox 14 3467 1127 3575; baseline 0.004 -37"><span class='ocrx_word' id='word_1_309' title='bbox 14 3467 75 3538; x_wconf 66' lang='lat' dir='ltr'><strong>ilde</strong></span> <span class='ocrx_word' id='word_1_310' title='bbox 92 3469 182 3554; x_wconf 78' lang='lat' dir='ltr'><strong>decet</strong></span> <span class='ocrx_word' id='word_1_311' title='bbox 197 3469 232 3538; x_wconf 88' lang='lat' dir='ltr'><strong>in</strong></span> <span class='ocrx_word' id='word_1_312' title='bbox 247 3467 413 3553; x_wconf 88' lang='lat' dir='ltr'><strong>Ecclesia,</strong></span> <span class='ocrx_word' id='word_1_313' title='bbox 441 3495 578 3575; x_wconf 78' lang='lat' dir='ltr'><strong>eamque</strong></span> <span class='ocrx_word' id='word_1_314' title='bbox 599 3469 796 3556; x_wconf 76' lang='lat' dir='ltr'><strong>ob,causam</strong></span> <span class='ocrx_word' id='word_1_315' title='bbox 818 3469 998 3557; x_wconf 78' lang='lat' dir='ltr'><strong>necessaria</strong></span> <span class='ocrx_word' id='word_1_316' title='bbox 1018 3486 1082 3556; x_wconf 71' lang='lat' dir='ltr'><strong>est,</strong></span> <span class='ocrx_word' id='word_1_317' title='bbox 1126 3519 1127 3524; x_wconf 22' lang='grc' dir='ltr'><strong>κ</strong></span> 
     </span>
     <span class='ocr_line' id='line_1_40' title="bbox 14 3551 1138 3650; baseline 0 -26"><span class='ocrx_word' id='word_1_318' title='bbox 14 3551 197 3650; x_wconf 72' lang='lat' dir='ltr'><strong>dbumana</strong></span> <span class='ocrx_word' id='word_1_319' title='bbox 210 3553 313 3637; x_wconf 90' lang='lat' dir='ltr'><strong>ratio,</strong></span> <span class='ocrx_word' id='word_1_320' title='bbox 342 3554 420 3650; x_wconf 89' lang='lat' dir='ltr'><strong>quia</strong></span> <span class='ocrx_word' id='word_1_321' title='bbox 436 3553 678 3650; x_wconf 11' lang='lat' dir='ltr'><strong>nondrntelligit</strong></span> <span class='ocrx_word' id='word_1_322' title='bbox 692 3552 957 3646; x_wconf 22' lang='lat' dir='ltr'><strong>&#39;ustitiamflfideb</strong></span> <span class='ocrx_word' id='word_1_323' title='bbox 980 3571 1085 3626; x_wconf 74' lang='lat' dir='ltr'><strong>natu·</strong></span> <span class='ocrx_word' id='word_1_324' title='bbox 1136 3590 1138 3599; x_wconf 92' lang='lat'>·</span> 
     </span>
     <span class='ocr_line' id='line_1_41' title="bbox 18 3583 1082 3734; baseline 0.008 -30"><span class='ocrx_word' id='word_1_325' title='bbox 18 3635 97 3722; x_wconf 79' lang='lat' dir='ltr'><strong>lrter</strong></span> <span class='ocrx_word' id='word_1_326' title='bbox 112 3635 192 3730; x_wconf 79' lang='lat' dir='ltr'><strong>affin</strong></span> <span class='ocrx_word' id='word_1_327' title='bbox 217 3635 228 3704; x_wconf 92' lang='lat' dir='ltr'><strong>i</strong></span> <span class='ocrx_word' id='word_1_328' title='bbox 253 3689 262 3727; x_wconf 86' lang='lat'><strong>,</strong></span> <span class='ocrx_word' id='word_1_329' title='bbox 294 3639 384 3733; x_wconf 88' lang='lat' dir='ltr'><strong>quod</strong></span> <span class='ocrx_word' id='word_1_330' title='bbox 401 3637 480 3710; x_wconf 88' lang='lat' dir='ltr'><strong>talia</strong></span> <span class='ocrx_word' id='word_1_331' title='bbox 498 3664 597 3734; x_wconf 82' lang='lat' dir='ltr'><strong>opera</strong></span> <span class='ocrx_word' id='word_1_332' title='bbox 611 3583 785 3732; x_wconf 76' lang='lat' dir='ltr'><strong>justibcent</strong></span> <span class='ocrx_word' id='word_1_333' title='bbox 799 3637 966 3723; x_wconf 84' lang='lat' dir='ltr'><strong>homiues,</strong></span> <span class='ocrx_word' id='word_1_334' title='bbox 989 3637 1082 3734; x_wconf 87' lang='lat' dir='ltr'><strong>quod</strong></span> 
     </span>
     <span class='ocr_line' id='line_1_42' title="bbox 15 3663 1180 3816; baseline -0.001 -24"><span class='ocrx_word' id='word_1_335' title='bbox 15 3663 330 3806; x_wconf 74' lang='lat' dir='ltr'><strong>concilientlteum,</strong></span> <span class='ocrx_word' id='word_1_336' title='bbox 353 3739 412 3796; x_wconf 74' lang='lat' dir='ltr'><strong>etc</strong></span> <span class='ocrx_word' id='word_1_337' title='bbox 454 3725 511 3798; x_wconf 87' lang='lat' dir='ltr'><strong>Sic</strong></span> <span class='ocrx_word' id='word_1_338' title='bbox 529 3720 686 3796; x_wconf 82' lang='lat' dir='ltr'><strong>sentiebat</strong></span> <span class='ocrx_word' id='word_1_339' title='bbox 701 3723 827 3816; x_wconf 83' lang='lat' dir='ltr'><strong>vulgus,</strong></span> <span class='ocrx_word' id='word_1_340' title='bbox 841 3723 930 3794; x_wconf 77' lang='lat' dir='ltr'><strong>inter</strong></span> <span class='ocrx_word' id='word_1_341' title='bbox 947 3720 1081 3794; x_wconf 85' lang='lat' dir='ltr'><strong>lsraeli-</strong></span> <span class='ocrx_word' id='word_1_342' title='bbox 1179 3803 1180 3806; x_wconf 8' lang='grc' dir='ltr'><strong>Ἴ</strong></span> 
     </span>
     <span class='ocr_line' id='line_1_43' title="bbox 14 3803 1082 3898; baseline 0.009 -26"><span class='ocrx_word' id='word_1_343' title='bbox 14 3829 48 3886; x_wconf 85' lang='lat' dir='ltr'><strong>s,</strong></span> <span class='ocrx_word' id='word_1_344' title='bbox 79 3821 111 3876; x_wconf 89' lang='lat' dir='ltr'><strong>et</strong></span> <span class='ocrx_word' id='word_1_345' title='bbox 126 3803 187 3876; x_wconf 91' lang='lat' dir='ltr'><strong>bac</strong></span> <span class='ocrx_word' id='word_1_346' title='bbox 201 3805 353 3896; x_wconf 85' lang='lat' dir='ltr'><strong>opinione</strong></span> <span class='ocrx_word' id='word_1_347' title='bbox 369 3809 533 3898; x_wconf 84' lang='lat' dir='ltr'><strong>augebant</strong></span> <span class='ocrx_word' id='word_1_348' title='bbox 547 3809 631 3882; x_wconf 75' lang='lat' dir='ltr'><strong>tales</strong></span> <span class='ocrx_word' id='word_1_349' title='bbox 645 3807 863 3890; x_wconf 81' lang='lat' dir='ltr'><strong>ceremonias,</strong></span> <span class='ocrx_word' id='word_1_350' title='bbox 890 3807 978 3898; x_wconf 66' lang='lat' dir='ltr'><strong>sieutv</strong></span> <span class='ocrx_word' id='word_1_351' title='bbox 991 3807 1082 3898; x_wconf 84' lang='lat' dir='ltr'><strong>apud</strong></span> 
     </span>
     <span class='ocr_line' id='line_1_44' title="bbox 14 3887 1083 3990; baseline 0.007 -34"><span class='ocrx_word' id='word_1_352' title='bbox 14 3912 41 3956; x_wconf 74' lang='lat' dir='ltr'><strong>is</strong></span> <span class='ocrx_word' id='word_1_353' title='bbox 54 3887 89 3957; x_wconf 87' lang='lat' dir='ltr'><strong>in</strong></span> <span class='ocrx_word' id='word_1_354' title='bbox 103 3891 309 3990; x_wconf 71' lang='lat' dir='ltr'><strong>monasteriis</strong></span> <span class='ocrx_word' id='word_1_355' title='bbox 327 3909 506 3989; x_wconf 67' lang='lat' dir='ltr'><strong>creverunt.</strong></span> <span class='ocrx_word' id='word_1_356' title='bbox 549 3893 605 3966; x_wconf 89' lang='lat' dir='ltr'><strong>Sic</strong></span> <span class='ocrx_word' id='word_1_357' title='bbox 619 3893 743 3984; x_wconf 85' lang='lat' dir='ltr'><strong>judicat</strong></span> <span class='ocrx_word' id='word_1_358' title='bbox 765 3889 910 3964; x_wconf 88' lang='lat' dir='ltr'><strong>bumana</strong></span> <span class='ocrx_word' id='word_1_359' title='bbox 927 3892 1011 3966; x_wconf 88' lang='lat' dir='ltr'><strong>ratio</strong></span> <span class='ocrx_word' id='word_1_360' title='bbox 1029 3909 1083 3974; x_wconf 72' lang='lat' dir='ltr'><strong>et7</strong></span> 
     </span>
     <span class='ocr_line' id='line_1_45' title="bbox 14 3975 1084 4074; baseline 0.01 -33"><span class='ocrx_word' id='word_1_361' title='bbox 14 3997 48 4040; x_wconf 89' lang='lat' dir='ltr'><strong>m</strong></span> <span class='ocrx_word' id='word_1_362' title='bbox 71 3975 111 4042; x_wconf 93' lang='lat' dir='ltr'><strong>de</strong></span> <span class='ocrx_word' id='word_1_363' title='bbox 127 3975 285 4054; x_wconf 75' lang='lat' dir='ltr'><strong>exercitiis</strong></span> <span class='ocrx_word' id='word_1_364' title='bbox 313 3978 487 4074; x_wconf 69' lang='lat' dir='ltr'><strong>corporis,</strong></span> <span class='ocrx_word' id='word_1_365' title='bbox 508 3979 547 4048; x_wconf 90' lang='lat' dir='ltr'><strong>de</strong></span> <span class='ocrx_word' id='word_1_366' title='bbox 568 3977 721 4071; x_wconf 83' lang='lat' dir='ltr'><strong>jejuniis,</strong></span> <span class='ocrx_word' id='word_1_367' title='bbox 746 4003 891 4072; x_wconf 87' lang='lat' dir='ltr'><strong>quorum</strong></span> <span class='ocrx_word' id='word_1_368' title='bbox 913 3978 987 4050; x_wconf 83' lang='lat' dir='ltr'><strong>finis</strong></span> <span class='ocrx_word' id='word_1_369' title='bbox 1007 4001 1084 4052; x_wconf 83' lang='lat' dir='ltr'><strong>eum</strong></span> 
     </span>
     <span class='ocr_line' id='line_1_46' title="bbox 15 4060 1180 4158; baseline 0.009 -32"><span class='ocrx_word' id='word_1_370' title='bbox 15 4067 187 4156; x_wconf 57' lang='lat' dir='ltr'><strong>tcoerrere</strong></span> <span class='ocrx_word' id='word_1_371' title='bbox 203 4083 354 4154; x_wconf 76' lang='lat' dir='ltr'><strong>carnem,</strong></span> <span class='ocrx_word' id='word_1_372' title='bbox 384 4061 469 4136; x_wconf 89' lang='lat' dir='ltr'><strong>ratio</strong></span> <span class='ocrx_word' id='word_1_373' title='bbox 487 4063 617 4156; x_wconf 79' lang='lat' dir='ltr'><strong>affingit</strong></span> <span class='ocrx_word' id='word_1_374' title='bbox 628 4063 745 4148; x_wconf 86' lang='lat' dir='ltr'><strong>finem,</strong></span> <span class='ocrx_word' id='word_1_375' title='bbox 775 4065 866 4158; x_wconf 91' lang='lat' dir='ltr'><strong>quod</strong></span> <span class='ocrx_word' id='word_1_376' title='bbox 887 4060 952 4136; x_wconf 91' lang='lat' dir='ltr'><strong>siut</strong></span> <span class='ocrx_word' id='word_1_377' title='bbox 966 4061 1082 4142; x_wconf 89' lang='lat' dir='ltr'><strong>cultus,</strong></span> <span class='ocrx_word' id='word_1_378' title='bbox 1177 4131 1180 4136; x_wconf 88' lang='lat'>.</span> 
     </span>
     <span class='ocr_line' id='line_1_47' title="bbox 14 4141 1140 4240; baseline 0.008 -31"><span class='ocrx_word' id='word_1_379' title='bbox 14 4142 239 4234; x_wconf 77' lang='lat' dir='ltr'><strong>ujustrficent.</strong></span> <span class='ocrx_word' id='word_1_380' title='bbox 282 4145 375 4216; x_wconf 91' lang='lat' dir='ltr'><strong>Sicut</strong></span> <span class='ocrx_word' id='word_1_381' title='bbox 390 4141 536 4234; x_wconf 77' lang='lat' dir='ltr'><strong>Thomas</strong></span> <span class='ocrx_word' id='word_1_382' title='bbox 554 4147 684 4218; x_wconf 86' lang='lat' dir='ltr'><strong>scribit:</strong></span> <span class='ocrx_word' id='word_1_383' title='bbox 718 4145 891 4240; x_wconf 78' lang='lat' dir='ltr'><strong>Jejunium</strong></span> <span class='ocrx_word' id='word_1_384' title='bbox 914 4146 1021 4217; x_wconf 87' lang='lat' dir='ltr'><strong>valere</strong></span> <span class='ocrx_word' id='word_1_385' title='bbox 1039 4143 1083 4218; x_wconf 82' lang='lat' dir='ltr'><strong>ad</strong></span> <span class='ocrx_word' id='word_1_386' title='bbox 1137 4173 1140 4179; x_wconf 73' lang='grc'>’</span> 
     </span>
     <span class='ocr_line' id='line_1_48' title="bbox 15 4220 1187 4386; baseline 0.007 -92"><span class='ocrx_word' id='word_1_387' title='bbox 15 4220 225 4336; x_wconf 75' lang='lat' dir='ltr'><strong>letionem&#39;et</strong></span> <span class='ocrx_word' id='word_1_388' title='bbox 238 4230 640 4332; x_wconf 72' lang='lat' dir='ltr'><strong>prohibitionemoulpae.</strong></span> <span class='ocrx_word' id='word_1_389' title='bbox 680 4232 769 4304; x_wconf 81' lang='lat' dir='ltr'><strong>Haec</strong></span> <span class='ocrx_word' id='word_1_390' title='bbox 785 4227 1083 4386; x_wconf 67' lang='lat' dir='ltr'><strong>suntverlba&#39;l&#39;bo-</strong></span> <span class='ocrx_word' id='word_1_391' title='bbox 1154 4257 1155 4264; x_wconf 51' lang='lat'>¹</span> <span class='ocrx_word' id='word_1_392' title='bbox 1183 4328 1187 4334; x_wconf 14' lang='grc' dir='ltr'>ι</span> 
     </span>
    </p>
   </div>
   <div class='ocr_carea' id='block_1_9' title="bbox 0 0 1281 4906">
    <p class='ocr_par' dir='ltr' id='par_1_9' title="bbox 0 0 1281 4906">
     <span class='ocr_line' id='line_1_49' title="bbox 0 0 1281 4906; baseline 0 0"><span class='ocrx_word' id='word_1_393' title='bbox 0 0 1281 4906; x_wconf 95' lang='lat' dir='ltr'><strong> </strong></span> 
     </span>
    </p>
   </div>
  </div>
 </body>
</html>
