2658 4892
166 285 181 322 ’ἢ
230 370 234 382 ¹
338 334 516 416 cornuta
536 311 780 434 Goumtditc.
838 395 840 402 ,
919 297 922 306 ‚
1036 329 1111 416 hob

15 517 83 588 ciat.
127 521 312 613 Quousque
324 515 576 591 etiaminfirmis
593 511 629 588 in
645 517 708 588 fide
722 514 873 593 in'rehus
889 517 956 588 illis
971 520 1112 589 externIs
1140 553 1144 564 ·
1219 599 1221 608 ,

15 605 95 674 hona
120 629 194 674 cunr
217 604 416 676 conscientia
436 606 547 690 cedere
567 606 758 698 possimus,
781 603 961 696 Apostolus
985 603 1112 674 Paulus

15 689 177 842 perspicue
189 689 374 762 nonmodu
385 690 513 776 verbis„
533 715 648 760 verum
661 688 832 784 ctiam-suo
844 687 948 785 ipsius
962 687 1111 788 exemplo
1146 746 1150 752 .
1167 728 1172 788 ς

37 790 135 846 ucurt.
296 802 300 810 “
350 811 352 816 ·
493 819 496 830 ·
657 809 669 820 ··
964 789 992 834 Η

16 885 17 900 ³
94 859 289 942 Credimus,
309 857 471 954 docemus
489 875 521 931 et
546 860 757 944 confitemur,
786 855 878 955 quod
898 873 1113 962 eotempore,

15 944 238 1038 posteritatis
255 945 404 1030 coelestis
419 945 581 1016 cuulessio
598 946 795 1040 requiritur,
826 943 1112 1046 (quandorrdeli-
1231 977 1233 984 ·

15 1045 56 1098 :et
69 1029 163 1100 verbi
173 1027 236 1096 Dei
249 1027 558 1118 bostesdoctrinam
569 1029 750 1123 Evangelii
766 1055 954 1132 oppremere
964 1031 1113 1132 student)

14 1131 73 1184 :ota
87 1113 261 1197 Ecclesia,
278 1131 311 1186 et
321 1116 443 1206 singuli
459 1112 661 1197 Christiani,
686 1139 859 1210 praecipue
872 1139 951 1186 vero
965 1114 1122 1189 minister
1207 1173 1210 1179 .

15 1200 97 1284 tesbi
112 1198 177 1268 Dei
194 1201 364 1292 (tanquam
380 1200 421 1284 ii,
443 1225 527 1294 quus
539 1200 703 1270 Dominus
712 1199 879 1272 Ecclesiae
896 1223 973 1270 suae
990 1225 1113 1290 regen-

15 1285 66 1354 lae
82 1283 256 1378 pracfecit)
271 1299 457 1364 teneantur,
475 1286 568 1382 piam
584 1287 768 1358 doctrinam
782 1287 875 1377 juxta
890 1284 1112 1369 verbumDei,

15 1387 36 1439 tt
52 1371 215 1476 quidquid
229 1368 362 1442 omnino
376 1372 419 1442 ad
436 1369 596 1441 sinceram
611 1369 805 1472 religionem
819 1369 979 1464 pertinet,
1000 1369 1113 1472 palam
1202 1385 1220 1442 Γ

15 1471 36 1524 tt
49 1455 158 1524 ltbcrc
171 1479 239 1525 non
257 1457 357 1526 modo
368 1455 497 1537 verbis,
519 1467 634 1527 verum
650 1473 747 1540 eham
760 1457 855 1527 lactis
873 1456 1033 1550 profiteri,
1066 1459 1114 1528 Et

15 1541 189 1621 tentimus,
212 1538 269 1609 tali
291 1557 439 1636 tempore
456 1541 555 1610 etiam
572 1541 608 1610 in
628 1539 727 1610 rebus
750 1567 826 1634 vere
843 1556 877 1610 ct
890 1567 949 1634 per
966 1565 1001 1612 se
1017 1539 1113 1611 adia·
1186 1571 1194 1592 ·

15 1625 121 1716 thoris
136 1648 204 1692 non
214 1649 283 1694 esse
296 1625 492 1696 adversariis
507 1627 701 1708 cedendum,
721 1623 827 1720 neque
842 1628 1113 1720 permittendum,
1158 1629 1175 1711 J

15 1728 39 1780 rt
53 1709 238 1780 adversarii·
249 1713 346 1780 nohis
363 1709 442 1792 talia
457 1710 699 1804 adiaphora(a·d
715 1711 944 1782 detrimentum
957 1708 1112 1782 vericul-

15 1807 58 1865 u's
72 1793 199 1878 divini,
229 1810 261 1864 et
281 1795 323 1866 ad
337 1783 546 1890 plantandam
562 1812 597 1890 et
614 1795 845 1870 stabiliendam
869 1794 1111 1886 idololatriam)
1177 1843 1180 1852 ‚

15 1881 211 1952 ›bservanda
225 1879 398 1974 imponant
410 1895 441 1951 et
454 1881 649 1964 obtrudant,
658 1881 727 1951 sive
741 1882 776 1952 id
792 1881 966 1966 manifesta
976 1881 1022 1964 vi,
1034 1879 1112 1952 ‘sive

15 1965 93 2036 lolis
115 1965 241 2035 eltioerc
271 1983 441 2036 conentur.
493 1967 730 2060 scriptumest
754 1960 861 2037 'enims
900 1972 938 2035 I'u
957 1966 1112 2038 libertate
1214 1970 1230 2040 J

15 2052 138 2142 gitur,
152 2049 378 2142 quaChristus
391 2077 449 2120 vos
465 2050 634 2134 liberavit,
662 2068 764 2136 state,
792 2069 824 2123 et
838 2077 879 2121 ne
898 2077 1013 2122 rursus
1028 2055 1064 2144 ju
1088 2077 1111 2122 o

15 2134 171 2206 ¹orvitutis
186 2134 410 2230 implicemini.
452 2141 497 2208 Et
510 2137 545 2204 in
555 2137 674 2224 ¹eadum
689 2135 845 2231 epistola:
875 2141 1014 2231 Propter
1030 2147 1049 2204 s'
1091 2179 1112 2196 -

15 2219 214 2290 ntruductos
242 2219 346 2290 falsus
376 2220 515 2304 fratres,
571 2223 606 2288 ui
621 2222 906 2307 subintroierant,
942 2219 1111 2318 explorare

16 2305 193 2376 ibertatem
210 2315 371 2388 nos'tmm,
395 2329 494 2398 quam
509 2245 670 2376 hahemus
680 2305 715 2374 in
725 2305 859 2385 Christo
873 2313 974 2390 Jesu,
998 2323 1035 2376 ut
1048 2330 1112 2376 nos

15 2417 37 2458 n
54 2387 249 2459 servitutem
265 2389 463 2483 redigerent,
495 2389 536 2458 iis
554 2403 660 2486 neque
673 2391 715 2460 ad
727 2390 844 2461 horam
861 2393 1018 2462 cessimus
1033 2391 1112 2460 suh·
1154 2415 1155 2422 ¹

16 2475 164 2554 actione,
180 2489 223 2542 ut
238 2473 535 2568 veritasEvangclii
548 2492 737 2569 permaneat
752 2477 839 2572 apud
854 2501 923 2546 ¹vos.
942 2561 944 2566 Ι
963 2477 1112 2548 Manife-

19 2580 95 2631 tnm
111 2573 162 2628 est
174 2574 302 2642 autem,
333 2557 476 2630 Paulum
493 2561 541 2630 ihi
557 2582 654 2651 agere
676 2563 716 2632 de
732 2559 995 2646 circumcisione,
1047 2586 1111 2632 uae

16 2647 69 2716 llis
85 2643 292 2738 temporibus
305 2647 372 2738 jam
388 2644 640 2738 resadiaphora
650 2646 736 2718 iacta
750 2662 835 2730 erat,
847 2662 890 2717 fet
904 2671 1004 2742 quam
1018 2588 1111 2730 llan-
1159 2714 1162 2718 .

16 2759 52 2802 us
66 2729 154 2800 alias
175 2732 226 2814 (in
241 2729 392 2803 libertate
405 2747 514 2802 tamen
533 2731 722 2802 Christiana
743 2749 775 2802 et
791 2731 971 2828 spirituali)
992 2732 1111 2804 obscr-

16 2841 78 2886 *are
95 2813 270 2908 aliquoties
286 2815 423 2886 solebat.
467 2812 551 2887 Cum
562 2833 670 2890 autem
678 2816 955 2912 Pseudoapostoli
966 2815 1110 2888 eircum-

16 2903 168 2974 itionem
183 2900 226 2968 ad
242 2899 476 2997 stabiliendum
493 2901 728 2996 falsum'suum
747 2904 868 2994 dogma
887 2903 992 2995 (quod
1009 2916 1110 2997 opera

16 2987 85 3078 egis
112 2985 157 3054 ad
181 2984 345 3074 justrtiam
370 3002 403 3054 et
426 2984 565 3058 salutem
590 2987 769 3056 neccssaria
794 2989 918 3077 essent)
942 3004 1109 3078 urgerent,

17 3097 109 3165 aque
127 3069 171 3138 ad
188 3070 447 3140 confirmandum
469 3097 565 3156 suum
582 3083 728 3142 'errorem
746 3073 919 3141 inanimis
932 3073 1117 3144 hominum
1162 3108 1164 3112 ·

16 3160 233 3228 hutercntur:
262 3156 402 3243 ingenue
418 3155 562 3246 assumat
577 3157 720 3240 Paulus,
749 3159 903 3252 quodne
924 3158 967 3228 ad
991 3156 1114 3246 boram,

16 3243 141 3337 {uidem
168 3238 250 3332 ipsis
263 3245 425 3328 ‘cesserim
455 3257 492 3315 ut
514 3240 634 3314 veritas
657 3241 829 3334 Evangelii
851 3257 938 3314 sarta
960 3258 1108 3340 tectaque

19 3339 219 3400 ermaneret
478 3346 480 3350 ·
752 3365 768 3390 t

88 3410 149 3480 Sic
164 3406 287 3480 Paulus
302 3409 440 3482 infirmis
454 3414 489 3480 in
505 3413 569 3482 lide
594 3411 679 3484 cedit
701 3411 927 3484 observatione
940 3411 1108 3489 discrimi-

17 3495 52 3566 is
80 3496 256 3576 ciborum,
271 3513 319 3566 ‘et
340 3513 527 3590 temporum
552 3524 610 3584 seu
632 3499 776 3578 dierum;
821 3497 1117 3593 Pseudoapostolis=

19 3601 135 3661 utem,
193 3583 226 3648 ui
240 3579 339 3663 haec,
366 3589 521 3675 tanquam
538 3585 738 3671 necessaria,
767 3581 973 3665 conscientiis
994 3583 1109 3678 inipu-⁴

20 3695 77 3738 erc
95 3605 272 3762 volebant,
283 3750 290 3765 ι
303 3665 399 3735 etiam
415 3668 451 3736 in
470 3670 568 3738 rebus
584 3695 645 3762 per
664 3693 698 3737 se
715 3666 905 3765 adiaphoris
922 3665 1035 3742 cedere
1047 3689 1109 3738 'rc-

17 3770 103 3824 usat.
152 3749 293 3820 Etalrbr
314 3751 436 3844 inquit:
471 3757 576 3824 Nemo
598 3779 655 3824 vus
678 3752 802 3841 judicet
818 3757 853 3819 in
878 3753 971 3835 etho,
999 3751 1109 3822 autin

20 3857 105 3920 utu,
126 3852 184 3912 aut
198 3839 233 3903 iu
244 3852 341 3988 parte
358 3836 424 3906 diei
440 3835 533 3921 festi,
555 3855 614 3908 etc.
654 3842 782 3907 Etcum
798 3841 916 3906 Petrus
932 3854 963 3908 et
977 3843 1108 3915 Bama—¹

17 3951 56 3992 as
73 3921 174 4009 casin
192 3945 227 3988 re
267 3921 379 3990 udaeis
401 3923 496 4016 plus,
524 3947 623 4018 quant
641 3923 829 4017 oportebat,
859 3924 1047 4004 cessissent,
1070 3922 1107 3992 in

17 4011 122 4162 tcicpp
140 4005 187 4076 eis
201 4005 336 4156 apstitit,
365 4031 404 4078 co
420 4007 510 4100 quod
524 4033 591 4078 non
605 4026 691 4086 recte
704 4005 911 4078 ambularent
925 4008 968 4078 ad
982 4008 1108 4076 verita-

17 4113 274 4167 em⁴vauc1t
523 4105 551 4140 ’-
611 4147 612 4156 ,
848 4100 851 4108 '
993 4115 1078 4153 2⁴

86 4185 130 4248 ln
151 4117 294 4266 ederim
308 4198 417 4246 rerum
431 4189 515 4247 statu
530 4200 597 4245 non
614 4176 680 4246 'am
701 4177 740 4246 de
758 4175 900 4248 externis
916 4175 1107 4272 adiaphoris
1209 4229 1215 4246 t

18 4266 132 4359 gitur,
163 4285 247 4357 quac
261 4277 376 4338 natura
390 4283 449 4337 tua
465 4286 526 4362 per
538 4286 586 4355 „sc
599 4203 712 4360 ,libera
735 4278 813 4335 sunt
838 4278 1106 4361 permaneatque,
