2602 4888
148 1185 152 1198 ·
216 1165 296 1208 Ilum

208 285 281 362 568
333 291 367 348 ι““.
537 282 566 351 F
568 277 712 352 ormula
736 276 978 350 Concordiae.

210 459 364 545 Etenim3
395 453 459 531 nisi
486 479 604 554 corpus
627 457 753 558 Cbrjsti
785 481 858 530 rere
888 473 920 528 et
940 454 1195 538 substantialiter,
1217 477 1256 531 sa

211 547 370 618 domarat
393 546 510 615 virtute
531 561 565 613 et
585 541 728 612 efficacia
753 567 813 642 pua
843 567 997 647 praesens
1021 560 1104 614 esset
1136 557 1253 624 etrum

211 647 322 714 retur,
345 630 437 726 panis
457 653 524 698 non
543 626 709 722 corporis,
728 627 787 698 sed
806 654 821 698 s
848 627 964 709 tritus,
985 625 1117 696 virtutis
1142 639 1170 694 et
1190 626 1253 694 bere

212 716 361 787 fitiorum
386 712 511 784 Christi
532 712 785 785 communicatio
830 711 871 784 ici
894 711 1073 796 debuissem
1086 711 1240 818 ςςιιιιιιιάιι

214 801 294 872 dum
320 799 419 888 etiam
445 797 612 892 Apologia
638 821 773 892 prorsus
802 800 915 878 eudem
947 797 1075 880 ratione
1096 823 1132 866 ιιι
1152 791 1222 864 hosi

166 885 347 978 “negotio
376 909 414 953 ar
461 899 636 952 mentatur.
652 897 684 952 et
710 883 845 952 statuit·
887 887 933 950 Et
959 907 1037 952 sane
1060 883 1089 952 si
1116 886 1158 951 D.
1177 819 1248 976 Paul·

128 1001 132 1010 ’
215 972 373 1068 duntaxat
400 907 460 1124 {clu
473 953 639 1120 spipituali
667 965 958 1038 communicatione
984 965 1150 1120 c'orpprihs⁰
1161 963 1249 1116 elffii

215 1079 299 1150 quae
318 1079 523 1208 iiclumeiio
542 1055 1222 1230 itioiiieiliip’rabibiessioclliiiileiiiii„‹iixiiseta
1245 1184 1246 1191 ι

215 1223 279 1309 nis,
302 1226 359 1292 sed
379 1221 522 1316 spiritus,
542 1239 599 1291 aut
618 1221 696 1290 fides
712 1238 760 1292 est
776 1223 1028 1294 communicatio
1048 1224 1189 1315 corporis
1201 1159 1251 1288 Cl'

217 1307 271 1378 sti.
303 1313 349 1378 At
370 1313 399 1376 Α
424 1305 550 1376 ostolus
574 1306 733 1403 affirmat,
780 1331 873 1378 anem
896 1331 965 1375 esse
988 1304 1264 1393 communicationes

93 1439 98 1450 ·
155 1480 159 1486 Ι
218 1391 367 1486 corporis
390 1334 534 1476 timisti,
571 1392 660 1484 quod
676 1333 836 1482 'mdelicet
864 1416 994 1471 omues,
1026 1390 1084 1484 qui
1105 1389 1213 1484 ,partiri
1243 1401 1273 1480 ut,

215 1474 420 1548 benedictum
440 1501 570 1570 panem,
591 1475 690 1545 etiam
705 1475 854 1570 corporis
877 1473 1001 1544 Christi
1024 1475 1193 1570 participes
1209 1413 1261 1570 liin

164 1585 169 1594 “
217 1565 331 1632 Exeo
353 1588 432 1652 crgo
454 1560 516 1630 hoc
536 1559 717 1640 conficitur,
741 1561 882 1632 Paulum
904 1557 1160 1654 haudquaquam
1179 1561 1212 1628 de
1226 1583 1275 1654 spe,

157 1715 160 1722 .
217 1646 348 1731 rituali,
368 1647 427 1718 sed
447 1648 487 1718 dc
508 1645 750 1728 sacramentali,
780 1672 836 1716 seu
856 1668 914 1728 ea,
942 1670 1025 1740 quae
1050 1669 1107 1715 ore
1135 1647 1185 1728 lit,
1204 1659 1276 1738 put-t

135 1812 146 1828 ,
219 1731 249 1802 ci
275 1731 384 1804 atione
407 1729 552 1826 corporis
574 1728 698 1800 Christi
719 1729 833 1826 loqui,
864 1753 948 1831 quae
970 1729 1035 1822 piis
1058 1745 1091 1802 et
1116 1725 1266 1828 impiis,ti-

219 1757 292 1890 tulo
313 1815 467 1886 duntaxat
489 1811 705 1894 Christianis,
725 1839 906 1893 communis
925 1831 983 1885 est
1277 1848 1278 1867 ι

303 1903 396 1999 lianc
416 1899 506 1999 piam
518 1915 664 1998 nostram
684 1902 878 1973 sententiam
900 1897 1001 1972 etiarn
1016 1899 1103 1970 ratio
1124 1915 1156 1969 et
1175 1897 1269 1993 circum

220 1999 359 2056 stantiae
380 1988 545 2055 concionis
569 1982 662 2062 illrus
691 1986 851 2056 Paulinae
876 1985 1095 2057 confirmant
1123 1988 1190 2054 Eos
1209 2005 1280 2060 entur

219 2069 281 2164 qui
303 2071 344 2142 de
364 2066 568 2170 idolothytis·
582 2067 739 2168 edebant,
771 2087 804 2140 et
825 2069 963 2141 ethnicis
984 2068 1127 2140 cultibus
1147 2063 1281 2138 diabolico

220 2152 750 2236 communicabant,'n1htlominus
768 2171 878 2226 autem
898 2155 999 2226 etiam
1019 2154 1064 2224 ad
1076 2177 1214 2224 mensam
1229 2156 1282 2220 ltu-t

220 2239 303 2310 mini
324 2240 533 2322 accedebant,
552 2254 585 2308 ct
604 2241 752 2335 corporis
771 2256 807 2310 et
835 2237 1005 2334 sanguinis
1036 2237 1161 2310 Christi
1229 2231 1283 2304 titi-t

220 2349 280 2418 pes
301 2323 442 2405 liehant,
463 2321 629 2394 Paulus'a
649 2339 738 2396 tanto
760 2319 904 2394 lacinore
925 2324 1084 2408 deterret,
1104 2340 1137 2395 et
1193 2332 1284 2396 montil

109 2435 113 2442 ·
221 2433 263 2479 ne
284 2407 350 2480 sibi
370 2407 450 2563 ipsis
470 2407 513 2478 ad
533 2407 695 2499 judicium
716 2426 748 2480 et
768 2409 1007 2480 damnationem
1036 2433 1155 2566 corpus
1179 2424 1208 2478 et
1228 2411 1285 2474 stul

222 2494 355 2586 guinem
409 2492 506 2563 hristi
527 2510 666 2564 sumant.
715 2497 805 2574 Cum
831 2496 1059 2564 enimomnes
1114 2491 1158 2577 li,
1178 2491 1227 2588 qui
1241 2490 1276 2560 br·

223 2578 397 2680 nedictiet
418 2577 584 2664 distributi
605 2577 700 2672 panis
720 2579 757 2648 in
777 2603 868 2652 sacra
889 2581 1001 2650 Coena
1031 2579 1197 2674 participes
1216 2577 1274 2650 tut

224 2678 325 2734 ettam
355 2688 429 2735 curn
464 2685 599 2734 sorore
638 2663 765 2733 Christi
800 2661 1128 2736 communicationem
1161 2663 1278 2750 hnent

225 2747 371 2846 proiecto
392 2688 554 2844 netuli
581 2747 682 2818 verba
710 2773 779 2818 non
810 2750 947 2844 possunt
973 2746 1076 2843 accipi
1098 2750 1138 2820 de
1157 2739 1277 2842 spiritual

225 2831 516 2904 communicatione
544 2857 619 2902 cum
656 2833 806 2918 Christo,
839 2857 905 2927 qua
932 2835 1150 2904 nemo-abuti
1172 2849 1277 2924 unquam

225 2932 354 3012 potest,
376 2933 409 2988 et
429 2939 450 2987 a
472 2941 537 3010 qua
557 2916 705 2987 homines
725 2931 794 2988 uon
815 2933 892 2987 sunt
913 2918 1106 3000 deterrendi.
1147 2977 1152 2984 .

313 2997 427 3088 Quare
473 3018 558 3072 atres
579 3017 612 3071 et
639 3001 688 3096 pii
709 3005 850 3094 majores
881 3001 1006 3086 nostri,
1037 3009 1081 3072 D.
1108 2999 1277 3088 tutemet

226 3084 283 3155 alii
300 3083 418 3156 sinceri
439 3025 587 3158 <lictores
600 3089 811 3178 Augustanae
829 3079 1070 3172 Confessionis,
1088 3086 1196 3158 hoel).
1213 3075 1279 3177 Paul!

226 3173 349 3241 dictum
371 3171 534 3262 ejusmodi
555 3171 663 3242 verbis
683 3171 872 3256 declarant,
899 3188 937 3242 ut
960 3195 1034 3243 cum
1064 3171 1167 3242 verbis
1192 3165 1278 3236 Chnst

185 3313 189 3322 .
227 3255 349 3350 optime
371 3254 592 3336 consentino
614 3271 651 3327 ut
671 3281 748 3330 cum
769 3255 918 3336 adhunc
938 3259 1073 3328 modum
1096 3255 1131 3326 id
1143 3251 1279 3356 explicant:

228 3340 348 3424 Panis,
370 3366 467 3432 quem
488 3340 692 3430 frangimus,
721 3355 771 3412 est
801 3365 919 3444 corpus
950 3340 1077 3412 Christi
1099 3340 1278 3432 distnbutuut

228 3451 287 3494 seu
309 3427 584 3495 communicatum
609 3451 729 3520 corpus
753 3423 894 3510 Christi,
916 3427 1007 3521 quod
1026 3424 1112 3520 inter
1133 3449 1183 3502 eos
1199 3422 1280 3491 dutrt·

121 3543 124 3562 ι
228 3509 359 3594 buitur,
382 3511 439 3606 qui
459 3509 599 3580 fractum
620 3533 737 3603 panem
760 3511 825 3581 acci
851 3512 930 3586 iunt

300 3600 350 3693 ‚113
372 3595 434 3667 hac
460 3592 603 3696 simplici
630 3612 662 3665 et
691 3595 796 3664 solide
824 3537 961 3684 ,lundata
988 3593 1192 3689 explicatione
1213 3587 1279 3684 ltu&

150 3735 152 3744 ,
228 3673 312 3748 lenti
332 3677 421 3749 illius
452 3679 628 3752 testimonii
649 3679 785 3750 Paulini
811 3706 930 3774 magno
958 3705 1119 3750 consensu
1145 3691 1280 3768 acque&

230 3787 316 3832 mus.
371 3767 417 3833 Et
443 3784 511 3836 non
538 3763 658 3858 injuria
685 3765 863 3849 miramur,
894 3763 984 3860 quod
1013 3765 1149 3836 audaces
1170 3761 1279 3829 houm?⁵

231 3847 455 3942 reperiantur,
478 3849 555 3942 qui,
577 3875 652 3920 cum
672 3849 736 3946 ipsi
758 3866 833 3921 aute
859 3848 938 3920 haec
965 3865 1114 3943 tempora
1133 3854 1279 3941 sacramen·

74 3987 79 3999 .
159 3941 168 3958 '
234 3932 323 4002 tariis
351 3933 541 4006 hoc'Pauli
568 3933 692 4006 dictum
722 3961 765 4028 op
791 3933 953 4016 osuerint,
983 3959 1069 4014 nunc
1099 3932 1176 4004 illud
1203 3942 1279 4078 tffilffl!

143 4099 146 4104 Ι
231 4042 293 4120 pro
313 4017 526 4088 fundamento
548 4017 669 4089 erroris
686 4020 743 4106 ,sui
764 3961 870 4114 liquori
888 4017 1040 4088 videlicet
1057 4013 1212 4114 corpusC
1242 4017 1279 4072 ¹⁵¹¹

206 4163 209 4168 .
235 4127 269 4170 m
292 4103 404 4171 Coena
426 4101 641 4198 spiritualiter
661 4105 888 4175 tantummodo
920 4109 1083 4190 sumatur)
1108 4121 1221 4198 ponere,
1234 4107 1277 4180 ut?

233 4187 431 4274 erubescant,
473 4185 531 4258 Sic
549 4193 637 4258 euim
658 4186 852 4284 loquuntur:
880 4188 983 4260 Panis
1011 4185 1276 4273 astronomum
