2548 4906
225 235 305 364 ’,πω
437 347 439 352 .
539 236 540 245 l
687 287 883 392 Apologia
1108 380 1112 388 1

201 455 204 466 ’
230 443 526 541 reconciliationem
541 467 735 566 politicam)
770 471 831 540 sed
850 470 1073 559 significarent
1087 485 1218 539 immitit

230 555 402 626 orificium:
435 555 586 646 sequitur
600 554 736 626 troicum
753 583 821 625 esse
840 555 1037 626 sacrificium
1055 554 1173 635 Christi,
1186 547 1218 647 apl

186 659 187 666 ’
230 657 337 720 catunt
351 667 413 734 pro
430 641 572 710 aliorum
586 641 734 734 peccatis.
778 641 917 711 Nullum
935 640 1218 734 igiturreliquunttt

148 730 151 744 ¹
228 749 314 796 nova
330 734 522 796 testamento
535 725 728 796 sacrificium
746 725 981 822 applicandum
1002 747 1064 821 pro
1086 717 1218 820 picenisti

228 835 323 905 rum,
346 827 478 906 praeter
491 833 595 878 unuin
612 809 736 898 Clrristi
749 809 943 882 sacrificium
958 811 993 881 in
1006 837 1106 882 cruce.

183 913 187 922 ’
313 903 400 967 Tota
422 894 476 966 via
498 913 628 979 errant,
659 897 722 990 qui
746 899 893 988 lingunt,
922 896 1080 978 sacrificia
1103 891 1218 966 Levitiut

228 1003 303 1052 ram
318 986 394 1052 Deo
407 980 566 1052 meruisse
583 977 814 1062 remissionem
829 999 1058 1078 peccatorum,
1086 998 1114 1050 ct
1131 979 1178 1048 ltoc
1190 999 1218 1044 iit

146 1097 150 1108 .
226 1065 285 1160 plo
303 1064 460 1136 sacrificia
476 1066 672 1162 applicanda
684 1093 744 1162 pro
760 1067 836 1138 aliis
854 1068 889 1136 iii
903 1092 990 1140 novo
1006 1080 1218 1158 testamentarii

225 1169 305 1220 runt
321 1167 451 1245 praeter
472 1168 610 1224 mortem
631 1151 766 1222 Christi
809 1157 896 1224 llaec
918 1151 1111 1254 imaginatio
1131 1144 1218 1242 simpli

227 1237 337 1306 obruit
352 1236 506 1306 meritum
523 1239 687 1336 passionis
702 1238 846 1324 Christi,
875 1249 909 1307 'et
920 1237 1083 1330 justitiam
1098 1233 1168 1328 fidei,
1184 1247 1218 1326 eti¹

225 1321 351 1416 rumpit
364 1321 482 1392 veteris
498 1339 529 1392 et
543 1322 624 1392 nevi
640 1323 825 1396 testamenti
839 1325 1039 1406 docuinam,
1065 1339 1097 1392 et
1132 1343 1161 1388 ii
1174 1315 1218 1384 Chi

225 1405 310 1504 alios
332 1407 526 1476 mediatores
554 1425 585 1478 et
607 1405 838 1502 propitiatores
862 1411 958 1479 nobis
980 1409 1091 1494 elficit·
1100 1347 1217 1476 alentiam

119 1521 126 1542 t
221 1491 440 1584 sacrificulos,
470 1491 527 1585 qui
542 1493 692 1587 quetidie
706 1493 849 1562 rendunt
862 1519 997 1600 operam
1013 1517 1106 1564 suain
1122 1492 1156 1558 in
1169 1479 1219 1576 tenpl

293 1583 424 1665 ‘Quare
442 1578 559 1678 siquis
584 1579 628 1646 ita
648 1597 911 1670 argumentatae,
944 1596 1096 1674 oportere
1113 1577 1144 1646 iii
1161 1583 1219 1640 ntitt

224 1679 385 1760 stamento
402 1664 596 1732 Pontificem
614 1689 700 1747 esse,
725 1664 783 1760 qui
801 1665 1015 1770 propeccatis
1031 1664 1158 1744 aflerat,
1181 1669 1219 1724 tait

224 1748 263 1816 dc
282 1747 414 1816 Christo
428 1749 668 1816 concedendum
681 1765 738 1818 est.
781 1755 826 1816 ltt
840 1747 925 1818 hanc
939 1748 1136 1818 solutionem
1149 1741 1219 1814 confit

183 1853 186 1861 '
222 1849 290 1904 tota
305 1830 456 1926 Epistola
473 1832 516 1901 ad
528 1833 688 1901 Ebracos.
733 1837 779 1902 Et
794 1827 828 1902 id
843 1821 979 1928 prorsus‘
996 1850 1081 1903 esset
1096 1823 1219 1900 aliosnil

102 1961 107 1972 .
222 1934 312 1988 tores
333 1919 526 1986 constituere
542 1935 670 2010 practer
684 1917 872 2006 Christum,
899 1918 928 1988 si
944 1917 1045 1988 aliam
1071 1909 1219 1986 satisfactio

213 2001 447 2095 'applicandam
462 2027 524 2097 pro
565 2003 679 2072 coeatis
697 2003 836 2072 aliorum
863 2020 895 2073 et
914 2003 1169 2073 reconciliantem
1183 2001 1219 2064 itt

214 2082 349 2238 plraeter
365 2102 505 2156 mortem
554 2087 650 2161 hristi
666 2088 918 2183 requireremus.
960 2089 1091 2159 Deinde
1113 2083 1178 2182 quia
1194 2101 1219 2147 iit

222 2187 349 2262 (otium
365 2170 441 2240 novi
458 2172 642 2246 testamenti
666 2191 714 2244 est
731 2173 953 2243 ministerium
976 2173 1130 2268 spiritus,
1162 2183 1189 2235 ut
1203 2165 1219 2228 lt

220 2256 352 2324 Paulus.
368 2287 384 2324 2
398 2256 617 2336 Corinthdll.
652 2259 726 2328 ideo
742 2257 878 2328 unicum
892 2259 991 2329 habet
1008 2247 1219 2327 sacrificiumll

221 2341 262 2410 sti
278 2341 531 2420 satisfactorium
551 2360 583 2412 et
599 2343 802 2444 applicatum
839 2344 1026 2438 ropeccatis
1040 2341 1184 2412 aliorum.
1205 2334 1219 2400 l

220 2443 325 2504 terum
341 2426 432 2496 nulla
446 2425 546 2500 habet
564 2427 720 2498 sacitficia
734 2367 858 2497 similia
872 2429 1048 2509 leviticis,
1066 2451 1147 2524 quae
1165 2439 1220 2506 citt

219 2527 354 2606 quarata
368 2511 528 2607 applicari
546 2539 608 2606 pro
627 2513 702 2584 aliis
717 2514 844 2608 possint
894 2515 951 2586 aod
968 2511 1099 2590 exbibet
1115 2509 1180 2582 aliis
1191 2510 1220 2574 ut

83 2639 85 2646 <
175 2661 179 2670 ,
219 2595 361 2688 galium,
401 2613 435 2664 et
458 2602 682 2681 Sacramenta,
719 2614 756 2664 ut
777 2621 835 2692 per
852 2563 936 2682 liaec
961 2599 1055 2688 conci
1081 2599 1148 2675 iant
1166 2583 1220 2670 fideti

218 2681 378 2782 Spiritum
399 2697 567 2764 sanctuni,
596 2700 628 2754 et
647 2681 901 2770 mortificentur,
933 2702 967 2754 et
988 2625 1220 2762 violamur

219 2765 436 2837 iniuisterium
464 2765 599 2862 spiritus
622 2783 747 2868 pugnat
768 2795 844 2846 cuni
864 2767 1082 2864 applicatione
1102 2765 1220 2862 operient}

217 2851 292 2926 rati.
335 2855 399 2926 Est
418 2850 508 2920 enim
531 2852 747 2922 ministerium
776 2852 930 2948 spiritus,
970 2880 1031 2948 per
1060 2853 1148 2956 quod
1168 2853 1220 2940 Spttl

216 2953 345 3004 sanctus
358 2935 468 3004 efficax
482 2953 530 3005 est
542 2939 577 3006 in
591 2938 756 3020 cordibus,
771 2963 880 3034 ‚quare
895 2938 995 3009 habet
1010 2941 1074 3010 tale
1086 2935 1220 3006 minium

215 3021 305 3114 quod
322 3021 369 3093 ita
429 3020 522 3092 adest
535 3023 628 3107 aliis,
659 3049 731 3095 cunr
749 3022 846 3092 ineis
863 3023 978 3094 efficax
992 3043 1057 3106 est,
1080 3048 1159 3092 *cuin
1170 3031 1220 3113 rcgt

182 3113 186 3130 '
215 3123 271 3204 iat
280 3123 312 3176 et
326 3104 390 3174 vivi
416 3124 467 3175 cat
483 3131 551 3188 eos,
578 3109 616 3179 ld
631 3134 699 3182 non
714 3109 751 3176 fit
764 3107 982 3204 applicatione
997 3109 1100 3184 alieni
1112 3121 1220 3207 optat!

184 3213 192 3218 ’
214 3192 291 3262 aliis
305 3219 343 3259 ex
360 3217 458 3286 opere
472 3211 617 3286 operato.
675 3245 679 3256 «
791 3209 794 3216 ’

301 3275 513 3352 Ostendimus
538 3279 718 3364 rationem,
750 3302 850 3374 quare
871 3275 976 3348 Missa
1004 3302 1074 3354 noo
1099 3273 1218 3374 justificet

107 3415 110 3428 .
215 3387 313 3460 opere
328 3377 482 3462 operato,
511 3365 571 3432 nec
587 3364 747 3458 applicata
763 3381 831 3460 ‘pro
847 3363 921 3436 aliis
941 3379 1107 3438 mereatur
1125 3385 1166 3432 ets
1183 3373 1220 3422 rat

198 3471 361 3546 :stupeum
386 3469 464 3545 quia
478 3464 652 3554 utrumque
669 3465 794 3543 pugnat
809 3473 883 3526 cunt
903 3449 1030 3550 justitia
1051 3447 1139 3526 fidei.
1174 3447 1220 3529 lut

213 3531 382 3610 sibileest
404 3555 492 3600 enim
515 3535 742 3604 remissionem
788 3549 970 3606 eccatorum
992 3535 1103 3608 contin
1127 3545 1220 3612 eremt

213 3633 350 3688 mireris
379 3615 502 3704 pcccati
525 3635 558 3690 et
583 3618 717 3704 mortis,
747 3559 818 3688 ullo
841 3643 958 3712 opera,
986 3635 1045 3688 aut
1068 3559 1138 3695 ulia
1156 3627 1220 3690 rtt¹

212 3701 276 3782 lide
291 3697 324 3769 iii
344 3700 530 3784 Christum,
559 3706 650 3796 juxta
664 3703 764 3772 illud:
801 3703 976 3784 Justificati
989 3729 1027 3774 ex
1041 3705 1105 3774 lide
1122 3687 1220 3798 paccnl

144 3855 147 3864 ,
211 3787 339 3861 temet.
378 3785 433 3855 Ad
451 3785 765 3872 haec'ostendimus,
792 3789 988 3893 scripturas,
1019 3795 1220 3883 quietantia

211 3873 375 3954 citantur,
406 3871 539 3948 minime
564 3873 765 3968 patrocinari
786 3873 909 3972 impiae
931 3873 1079 3970 opinioni
1102 3876 1220 3962 mitras

210 3981 285 4026 rum
299 3957 338 4024 de
353 3979 451 4050 opere
467 3975 612 4053 operato,
641 3959 744 4054 quue
759 3958 906 4052 judicare
921 3984 941 4038 o
977 3985 1033 4030 ries
1047 3960 1127 4032 honi
1139 3955 1212 4049 viria

212 4065 325 4112 omnes
341 4057 452 4142 geistes
468 4062 615 4137 pessunt.
660 4047 774 4132 Quare
787 3982 1010 4140 repudiandus
1032 4061 1081 4134 est
1102 4039 1208 4114 errorl

211 4153 313 4207 mae,
328 4126 549 4230 qui-scripsit,
586 4153 706 4236 porpus
719 4129 858 4200 Domini
870 4130 978 4200 semel
987 4131 1134 4202 eutium
1148 4127 1176 4195 in
1188 4137 1220 4212 m

212 4236 272 4307 lm
289 4210 400 4294 ΜΨ
416 4216 570 4310 originali
585 4231 706 4316 tssgtlel'
717 4213 829 4296 offerri
844 4237 909 4322 pro
920 4216 1121 4324 quotidianis
1136 4208 1220 4282 duce
