2610 4900
194 291 277 372 362
397 275 427 411 π’
550 259 801 384 ¹t'alechismus
820 299 952 398 major.

215 477 340 550 entium
362 474 458 572 probi
484 492 587 565 agunt
609 474 788 549 Christiani
815 495 847 551 et
866 479 1125 573 praedicatores,
1157 507 1191 554 co
1205 484 1256 584 jan

191 505 337 636 darunati
357 579 433 630 sunt
455 587 565 632 coram
595 561 707 632 mundi
729 563 878 664 judicio,
923 583 961 636 ut
982 593 1042 661 pro
1074 566 1225 638 haereticis
1237 588 1256 640 et

172 646 174 661 ’
191 648 347 746 apostatis
363 647 562 730 habeantur,
585 644 796 739 imupottus',
820 665 857 716 ut
873 649 1022 722 seditiosi
1039 653 1258 747 e'tpcrditissitni

74 797 76 804 ,
189 736 333 806 latrones
347 733 494 802 dicantur
506 745 541 800 et
552 731 774 809 aestimentur,
818 733 871 802 Ad
886 733 966 805 liaeo
980 736 1044 806 Dei
1060 745 1186 834 quoque
1204 765 1258 805 vcr-

176 821 269 892 'hum
281 817 506 914 turpissimcet
515 815 764 886 virulentissime
775 816 1019 890 insectationem
1030 823 1170 916 patitur,
1189 821 1258 892 llas·

211 905 383 986 dematur,
421 901 583 971 mendacii
614 901 785 990 arguitur,
823 903 983 976 malitiose
1004 908 1209 1001 pervertitur,
1237 923 1258 976 et

188 932 275 1062 lalso
297 989 360 1058 huc
387 991 419 1057 c't
444 985 523 1066 illuc
546 1002 780 1080 torquetur.ac
800 988 840 1058 dc
866 991 1006 1071 ravatnr.
1056 993 1123 1062 Sed
1146 993 1216 1063 liare
1235 991 1258 1060 in

187 1071 619 1174 praesentiaquidemmis‘sa
634 1071 803 1144 faciamus.
860 1069 979 1151 aenioi
997 1078 1081 1148 coeci
1097 1078 1203 1146 usundi
1216 1102 1258 1144 na.

186 1177 261 1232 tura
274 1165 332 1240 est,
347 1157 558 1236 utteritatcm
567 1157 690 1226 etlilios
699 1155 762 1227 Dei
773 1159 922 1251 improbe
936 1155 1140 1246 modernum,
1151 1177 1181 1230 et
1190 1161 1257 1252 inju-

31 1227 39 1241 ¹
75 1271 101 1303 ··
186 1246 273 1316 riose
284 1245 469 1325 insectetur,
478 1257 697 1336 ncquetamcu
709 1241 771 1311 hoc
781 1243 901 1344 factum
911 1245 1117 1340 peccatiloco
1127 1249 1257 1317 aestimet.

14 3635 21 3666 ⁴·
69 3685 71 3689 .
168 3627 222 3710 dn,
244 3653 278 3694 m
294 3623 455 3694 mandatis
472 3624 601 3720 nouqha

273 1329 406 1412 Τειιίο,
431 1329 520 1421 quod
537 1326 579 1411 ad
594 1353 659 1399 nos
678 1352 793 1397 omues
815 1345 972 1422 pertinet,
1001 1357 1098 1404 ornnc
1120 1349 1258 1426 pcccatun

67 1467 87 1490 ι,
115 1455 117 1461 =
190 1416 340 1506 linguae,
362 1419 566 1510 quu'famam
581 1411 724 1518 proximi
738 1411 909 1503 denigrare
925 1419 983 1486 atu
1016 1417 1159 1492 laedere
1188 1442 1258 1486 ussu-

14 1519 16 1526 ’
115 1520 118 1528 ’
184 1510 278 1586 ulus4
306 1500 502 1593 hoctpraccc
526 1513 560 1570 to
582 1495 789 1569 interdictum
812 1513 871 1568 est.
918 1506 1015 1584 'Nam
1043 1501 1136 1600 loqui
1163 1443 1258 1574 litlsun

14 1655 18 1664 ,
183 1586 424 1671 testimonium,
469 1525 646 1688 adalind,
672 1607 777 1686 quam
800 1583 867 1653 oris
890 1583 1076 1679 et'linguac
1108 1615 1189 1682 opus
1216 1602 1257 1654 est.

91 1678 98 1700 ³
182 1679 499 1764 Jamquacunqoe
517 1669 645 1738 ratione
670 1669 805 1758 linguae
838 1695 862 1756 o¹
884 1669 1186 1765 eribus,proximos
1218 1671 1256 1740 ol-

182 1759 346 1840 tenditur,
369 1754 432 1826 hoc
445 1753 720 1848 Deus‘prohibet‚
744 1753 811 1822 sive
834 1693 918 1825 illud
933 1758 989 1825 stat
1010 1783 1069 1850 per
1094 1757 1195 1828 salsos
1213 1758 1258 1826 do-

140 1905 141 1910 ,
181 1846 305 1929 eteros,
328 1865 479 1934 perversa
488 1839 641 1916 ,doctrina
663 1856 695 1908 et
714 1835 947 1931 blasphemiis,
983 1841 1052 1910 sive
1071 1841 1257 1938 periniquos

153 1969 155 1976 ι
181 1933 278 1997 testes
294 1943 325 1995 ct
337 1926 478 2019 judices,
500 1923 585 1994 l'also
602 1923 741 2006 udicio,
759 1925 833 1991 *sive*
849 1925 1079 2014 nutritiorum,
1103 1925 1257 1997 mendaciis

77 2081 78 2090 ,
180 2028 213 2082 ct
228 2012 358 2102 linguae
371 2009 556 2080 virulentia.
634 2025 738 2104 urique
754 2010 905 2102 inprimis
927 2011 1067 2106 pertinet
1091 2011 1257 2086 detestabile

179 2093 267 2166 illud
281 2098 398 2173 vitium
415 2093 621 2168 detractionis
638 2099 705 2164 sive
722 2092 926 2177 calumniae,
945 2097 1032 2189 quod
1050 2095 1198 2168 diabolus
1212 2121 1257 2190 pe-

146 2225 151 2238 ·
179 2180 268 2268 nitus
282 2179 511 2253 noltisinsevit
524 2195 555 2248 et
568 2179 748 2274 inspiravit,
770 2181 809 2248 de
821 2206 888 2275 quo
903 2205 1061 2276 perquam
1079 2183 1187 2252 multa
1201 2207 1256 2250 ver-

70 2301 103 2313 s·
177 2267 225 2354 ha
235 2266 384 2348 faciendo
398 2267 515 2336 serent.
558 2269 621 2334 Est
638 2263 725 2334 enim
750 2263 829 2335 hacc
876 2263 1011 2334 uaedam
1039 2268 1219 2360 perniciosa
1235 2279 1257 2332 ct

178 2349 556 2436 communiscomnunis,
579 2365 615 2418 ut
629 2344 737 2442 quivis
753 2291 895 2422 rueledo
913 2351 1075 2445 protritae,
1099 2377 1198 2448 quam
1210 2351 1255 2420 bo-

103 2490 107 2502 .
177 2463 221 2506 na
236 2437 350 2506 audire
364 2435 465 2514 malit.
506 2441 553 2506 Et
569 2459 758 2538 quanquam
774 2435 783 2499 i
808 2434 836 2504 si
852 2453 921 2505 tam
938 2461 1050 2506 sumus
1066 2439 1163 2520 mali,
1193 2452 1225 2504 ut
1236 2432 1256 2501 si

176 2522 250 2618 quis
262 2520 342 2590 mali
358 2520 438 2614 qnid
451 2521 491 2620 dp
508 2522 604 2591 nobrs
620 2523 759 2603 rel'crut,
780 2459 865 2592 licre
881 2521 917 2590 id
932 2545 998 2589 non
1013 2525 1196 2616 possimusi
1215 2520 1256 2590 sed

123 2672 128 2684 ,
177 2606 285 2700 quivis
301 2621 448 2698 optaret,
470 2621 506 2674 ut
522 2631 619 2676 nemo
634 2629 700 2674 non
715 2605 843 2698 optima
857 2624 889 2677 ct
908 2629 1008 2676 aurea
1023 2633 1173 2705 quaeque
1188 2607 1221 2674 de
1231 2630 1254 2671 se

174 2691 393 2786 praedicarem
429 2690 542 2760 audire
564 2706 762 2772 tamennon
786 2707 981 2786 possumus·2
1016 2708 1054 2762 ut
1077 2707 1112 2762 ct
1138 2693 1178 2762 dc
1195 2687 1254 2760 aliis

175 2776 300 2872 optima
314 2775 550 2869 praedicentur.
977 2829 982 2844 ,
1232 2858 1239 2873 ⁹

151 2937 154 2946 ¹
189 2913 191 2922 ‚
261 2866 373 2950 Quare
387 2861 430 2930 nd
445 2859 652 2931 devitandum
669 2861 730 2930 hoc
743 2860 858 2932 vitium
876 2859 1056 2948 discamus,
1077 2861 1201 2942 nemini
1215 2887 1252 2926 u·

174 2940 291 3016 delicct
305 2969 492 3016 concessum
509 2971 578 3014 csse
588 2976 606 3036 ιι
621 2947 807 3036 proximum
820 2973 915 3016 suum
927 2947 1103 3040 propalam
1121 2947 1253 3047 judicare

173 3047 205 3101 ct
220 3032 414 3124 objurgare,
436 3030 563 3102 tarrtetsi
581 3033 719 3102 cundem
732 3044 915 3124 peccantem
937 3031 1061 3117 videat,
1094 3038 1160 3104 ursi
1203 3033 1252 3100 rius

170 3117 337 3210 judicandi
351 3133 383 3187 et
392 3117 546 3212 puniendi
557 3131 745 3210 potestatem
754 3113 900 3188 concredi
906 3133 971 3206 tam
985 3121 1158 3211 acceperit.
1179 3061 1252 3198 liul-

170 3218 206 3272 to
223 3203 310 3270 enim
327 3201 406 3278 haec
419 3203 485 3272 duo
502 3205 735 3293 sejuncta'sunt
749 3201 954 3284 discrimine,
982 3219 1153 3294 peccatum
1176 3200 1251 3295 judi-

171 3311 244 3356 care
258 3304 290 3356 et
304 3286 428 3381 peccati
443 3312 512 3356 csse
524 3285 702 3365 conscium.
726 3291 851 3358 *Nosse
872 3286 1008 3386 quidem
1034 3303 1128 3380 potes
1152 3310 1249 3382 pecca·

134 3387 137 3392 '
171 3390 259 3441 turus
280 3395 391 3440 verum
409 3387 500 3440 tuum
516 3397 581 3440 uun
598 3387 646 3440 cst
659 3370 746 3444 idem
755 3396 886 3465 quoque
899 3371 1056 3463 judicare.
1078 3377 1251 3442 Proximum

169 3483 279 3526 meum
294 3471 477 3546 peccantem
495 3456 607 3526 audire
622 3471 655 3524 et
670 3457 779 3536 videre
794 3481 943 3550 possuntt
966 3454 1099 3542 uerum,
1114 3475 1166 3536 ,ut
1187 3481 1250 3526 etre-

170 3542 244 3612 dem
261 3565 390 3636 quoquc
405 3541 602 3610 traducama
629 3541 674 3610 ud
690 3539 784 3618 alios,
794 3565 863 3610 suo
879 3558 1007 3636 peccata
1024 3541 1249 3636 palamfacien·

246 3625 254 3642 ‘
310 3629 314 3640 '
604 3567 676 3697 deo.
696 3625 851 3702 dudioaus
866 3625 1053 3716 crgoalium
1066 3643 1098 3698 ct
1112 3630 1249 3702 condem-

42 3718 46 3744 '
91 3718 248 3806 [nans
278 3714 312 3779 in
343 3712 450 3802 majus
471 3727 502 3780 ct
525 3711 657 3800 gravius
680 3711 835 3782 delictum
864 3709 1037 3802 prolabor,
1074 3737 1173 3804 quam
1204 3709 1248 3804 ille

14 3831 24 3886 χ
166 3813 237 3866 erat
254 3794 426 3868 obnoxius.
470 3801 585 3890 ltaque
600 3797 630 3865 si
647 3793 787 3886 alicujus
801 3793 911 3867 delicti
933 3795 1080 3872 conscius
1105 3824 1157 3882 es,
1178 3789 1247 3866 nihil

48 3897 52 3908 '
102 3939 103 3950 t
165 3881 259 3954 aliud
273 3879 395 3962 facies,
418 3899 516 3972 quam
530 3897 567 3952 ut
582 3883 753 3952 obstructis
769 3905 824 3952 ore
835 3896 869 3965 et
884 3881 1019 3950 auribus
1030 3881 1193 3976 sepultum
1205 3903 1246 3946 re-

167 3965 296 4062 linquas
307 3965 346 4060 'iu
361 3982 510 4058 pectore,
532 3967 637 4036 donec
652 3965 771 4058 iudicis
786 3958 957 4060 provincia
979 3965 1043 4036 titi-
1051 3966 1170 4038 tradita
1184 3966 1244 4037 luc·

166 4054 227 4136 rit,
249 4069 284 4120 et
299 4050 443 4119 ollieium
460 4050 616 4144 puniendi
634 4049 857 4142 commiscum
1136 4061 1140 4068 '

248 4142 325 4206 Jam
347 4134 396 4204 illi
423 4135 575 4206 dicuutur
604 4137 857 4218 obtrectatores,
888 4157 946 4204 scu
969 4133 1242 4232 quadruplatores,

164 4218 306 4317 quinon
325 4220 469 4294 conunti
490 4237 585 4307 sont,
614 4247 650 4294 se
672 4219 858 4296 alienorum
880 4221 1243 4301 delictorumessccou·

973 4433 1104 4595 ,t

1001 4677 1005 4686 Ι
1113 4638 1188 4677 a,-

1073 4680 1171 4731 ’.Ψ
