2618 4902
208 315 298 416 ¹s'no
351 401 355 418 ι
605 257 607 266 i
656 365 661 380 .
681 303 863 408 Apologia
883 341 886 360 ·

150 525 154 535 ν
225 473 335 556 eoram
354 483 448 568 Deo,
476 482 624 580 sequitur
635 487 730 580 posse
745 488 851 580 justos
866 500 898 558 et
912 482 999 557 lilios
1011 482 1078 554 Dei
1091 507 1170 568 esse,
1191 484 1265 555 eliani

225 573 306 670 quas
324 566 515 658 traditiones
534 594 600 640 nou
620 571 760 655 habent,
788 595 873 668 quae
889 569 971 642 alibi
985 586 1133 663 receptae
1148 586 1224 640 sunt.
1253 575 1266 642 l

225 678 255 722 ss
272 652 380 723 forma
395 653 529 726 vestitus
548 653 738 726 Germanici
754 683 821 728 non
846 671 895 726 est
912 654 1021 726 cultus
1037 654 1101 725 Dei
1125 653 1266 732 necessarie

225 739 269 810 ad
285 735 447 849 justitiam
460 765 572 810 coram
589 744 682 825 Deo,
703 743 855 838 sequitur
869 765 965 836 posse
981 744 1085 833 justos
1109 765 1147 810 ac
1160 739 1232 808 filios
1242 744 1266 808 De

199 871 204 888 i
226 840 259 894 et
272 822 453 897 Ecclesiam
469 823 597 895 Christi
611 851 697 912 esse,
727 827 855 898 etiamsi
874 825 932 922 qui
946 842 1081 896 utantur
1102 824 1170 898 noir
1182 827 1266 894 Gema

226 909 321 992 nico,
344 909 402 978 sed
417 908 550 979 Gallico
564 910 702 982 vestitu:
738 917 810 983 Hoc
823 911 909 982 clare
931 911 1027 982 docet
1047 910 1171 980 Paulus
1192 910 1227 978 ad
1239 910 1266 976 Cr

184 1014 189 1038 ‘
227 993 409 1077 lonenses,
439 1020 513 1064 cum
529 995 593 1066 ait:
623 1001 733 1068 *Nemo
747 1023 806 1068 vos
818 997 941 1092 judicet
954 994 990 1065 iu
1004 995 1093 1080 cibo,
1114 995 1212 1066 autin
1223 1009 1266 1088 pot

193 1085 196 1100 '
228 1095 288 1148 aut
308 1081 343 1146 in
363 1095 456 1174 parte
483 1079 662 1165 dicissent,
694 1101 753 1155 aut
771 1081 981 1165 neomeniae,
1017 1098 1076 1150 aut
1100 1079 1266 1159 sabbatorum

228 1186 313 1317 guae
330 1180 407 1233 suut
424 1165 541 1236 umbra
553 1165 756 1254 fututorum,
784 1193 902 1261 corpus
922 1184 1032 1237 autem
1049 1165 1184 1238 Christi.
1221 1170 1266 1232 lter

255 1248 266 1316 i
280 1247 402 1319 mortui
417 1250 587 1324 estimato
602 1251 734 1325 Ghristo
756 1255 798 1324 ab
813 1250 981 1324 elementis
995 1251 1130 1334 mundi,
1159 1247 1231 1348 quill
1246 1247 1266 1342 tl

117 1361 121 1372 ¹
228 1331 464 1432 huctanquam
479 1334 768 1409 damus-mundo
786 1336 1065 1410 decreufacttise
1108 1339 1161 1406 Ne
1177 1351 1266 1426 tetigere

229 1418 289 1502 fist
318 1444 423 1518 neque
436 1421 662 1514 gustatu'st'is,
688 1449 794 1519 neque
805 1421 1093 1504 contrectaveritis,
1118 1445 1197 1515 quae
1211 1443 1266 1488 ouu

180 1539 182 1544 ¹
228 1519 385 1600 pereunt,
415 1531 477 1574 usu
491 1525 679 1592 consumta,
710 1526 743 1579 et
755 1525 830 1578 suut
840 1524 1015 1610 ,praecepta
1029 1523 1063 1577 et
1079 1505 1235 1577 doctrinae
1245 1501 1267 1568 lt

170 1623 175 1633 ·
228 1588 375 1692 minum,
405 1616 421 1659 s
444 1592 543 1662 eciem
559 1593 712 1664 habentia
724 1597 901 1690 sapientiae
917 1592 952 1662 in
966 1591 1196 1689 superstitione
1211 1605 1235 1686 et
1245 1585 1267 1652 ll

190 1705 193 1710 ·
229 1674 376 1746 militate.
417 1616 479 1756 Est
497 1676 786 1750 enimsententia:
823 1683 910 1750 Cum
928 1677 1053 1770 justitia
1076 1677 1187 1748 cordes
1206 1691 1267 1742 sttrt

229 1758 408 1856 spiritualis
440 1760 607 1832 vivificans
629 1765 747 1848 corda,
786 1783 819 1836 et
836 1779 981 1843 constet,
1018 1763 1112 1857 quod
1136 1758 1267 1832 tradition

205 1861 207 1864 ’
229 1845 393 1919 humanae
408 1871 475 1916 non
486 1847 649 1922 vivificent
665 1851 773 1934 corda,
795 1877 854 1920 nec
866 1851 933 1920 sint
946 1847 1083 1918 allectus
1090 1848 1267 1942 Spiritussu

229 1930 293 2014 cti,
324 1931 406 2002 sicut
422 1930 554 2005 dilectio
585 1933 731 2018 minimi,
764 1935 913 2018 castitas,
946 1949 1004 2002 otc.
1037 1957 1097 2002 nec
1120 1929 1267 2022 sintiustu

229 2031 357 2099 menta,
385 2041 446 2110 per
466 2040 549 2112 quae
569 1959 660 2094 Bous
681 2038 791 2092 movet
813 2019 912 2090 corda
933 2018 1209 2098 adcredendum,
1234 2021 1267 2080 od

229 2099 365 2168 verbum
378 2118 411 2169 et
424 2121 630 2184 sacramenta,
640 2103 795 2176 divinitus
807 2103 947 2186 tradita,
975 2102 1116 2172 sedsint
1129 2125 1203 2172 usus
1214 2115 1267 2168 reru

229 2183 314 2280 nihil
329 2185 371 2254 ad
381 2185 443 2258 'cor
456 2188 708 2284 pertinentium,
738 2215 823 2285 quac
838 2215 900 2258 usu
913 2203 1069 2292 pereant,
1103 2213 1172 2257 non
1190 2201 1267 2255 estse

229 2269 396 2355 tiendum,
428 2274 518 2368 quod
540 2275 606 2344 sint
630 2276 828 2356 necessariae
849 2275 893 2344 ad
922 2271 1086 2366 Justitiam
1110 2297 1216 2343 coram
1233 2271 1267 2334 llll

228 2357 274 2426 Et
290 2353 476 2430 incendam
493 2359 685 2430 senteutiam
709 2359 816 2456 inquit
843 2365 941 2431 Rom.
957 2361 1053 2426 XIV..
1093 2353 1267 2460 Regnumll

117 2459 122 2472 '
229 2455 298 2512 nott
315 2458 363 2510 est
376 2468 446 2514 esca
461 2460 492 2514 et
504 2461 621 2540 potum
643 2447 700 2516 sed
714 2446 844 2546 justitia'
856 2463 887 2516 et
901 2470 965 2539 pax
979 2458 1016 2534 ets
1025 2444 1185 2542 gaudium
1199 2466 1227 2508 ru
1236 2439 1268 2525 Spt

229 2525 295 2595 ritu
311 2544 431 2597 sancto.
466 2525 532 2598 Sed
541 2525 612 2598 ⁸non
631 2547 680 2601 cst
695 2555 779 2626 opus
795 2533 895 2601 citare
909 2521 1017 2598 multa
1033 2527 1223 2604 testrmouia‚
1239 2533 1268 2592 ut

229 2611 353 2706 ultique
369 2612 433 2682 sint
449 2613 545 2686 obvia
562 2615 609 2686 'in
630 2616 818 2711 scripturis,
847 2631 879 2684 et
899 2635 959 2684 nos
982 2613 1127 2708 plurima
1148 2613 1183 2682 in
1197 2602 1268 2696 coust

229 2695 320 2765 sione
338 2698 606 2798 :congesserimus
628 2701 664 2772 in
688 2699 928 2804 posterioribus
956 2698 1115 2768 articulis.
1158 2703 1199 2767 Et
1222 2691 1268 2780 hul

229 2781 681 2881 cpntroverstaenptudpevou
702 2786 791 2854 rnfra
809 2784 911 2880 paulo
925 2799 1002 2882 post
1022 2784 1268 2878 repetendum'arl

229 2863 397 2947 videlicet,
426 2885 536 2940 utrum
554 2870 746 2943 traditiones
764 2867 928 2940 humanae
945 2869 1010 2939 sint
1033 2869 1139 2938 cultus
1160 2873 1268 2946 necessat,l

228 2951 273 3020 ad
286 2946 447 3046 justitiam
460 2953 570 3026 coram
586 2962 677 3035 Ileo;
706 2954 763 3024 ubi
777 2955 817 3023 dc
828 2954 893 3024 hac
908 2981 942 3024 re
956 2953 1121 3108 copiosius
1145 2942 1268 3043 disputal

132 3051 135 3061 '
229 3061 314 3108 mus.
357 3037 688 3123 admonitionum,
716 3039 916 3126 universales
940 3055 991 3110 tra
1014 3039 1132 3109 itiones
1158 3037 1224 3105 ideo
1241 3047 1268 3096 so·

229 3123 351 3194 vendas
374 3143 461 3208 esso,¹
492 3127 571 3220 quia
592 3124 814 3200 existimentur
836 3125 878 3196 ab
895 3117 1068 3218 'Apostolis
1090 3122 1220 3193 traditae
1233 3129 1268 3212 etl

231 3211 266 3278 0
288 3206 459 3300 religiosos
480 3208 644 3280 homiues!
676 3210 771 3282 Ritus
796 3210 837 3280 ab
861 3209 1028 3306 Apostolis
1050 3223 1175 3278 sumtos
1193 3213 1268 3294 retnfl

229 3291 353 3364 volunt.
396 3299 472 3365 Non
486 3293 601 3366 volunt
620 3294 755 3364 retineri
779 3294 960 3365 doctrinam
984 3293 1222 3388 Apostolorum·
1251 3289 1268 3368 ll

228 3377 443 3472 judicandum
459 3395 506 3448 est
524 3379 563 3450 ds
582 3378 702 3448 ritihus
722 3377 811 3461 iltis,
826 3407 829 3414 ·
842 3379 924 3450 sicut
948 3379 1012 3474 ipsi
1035 3375 1268 3474 Apossotinspl

229 3461 356 3556 scriptis
373 3462 531 3555 judicanti
560 3469 592 3534 N
595 3489 643 3534 on.
653 3464 741 3533 enim
753 3463 933 3536 voluerunt
947 3464 1100 3560 Apostoli
1117 3485 1176 3532 nos
1191 3465 1268 3555 stt!t

229 3551 318 3646 quod
336 3574 393 3642 per
411 3547 491 3618 tales
506 3549 588 3618 ritus
608 3549 843 3641 justificemur,
872 3551 967 3644 'qnod
984 3549 1065 3618 tales
1084 3547 1165 3616 n'tus
1184 3555 1237 3614 stul
1252 3557 1268 3596 Ν

228 3631 431 3712 necessariae
446 3633 663 3734 adjustitiam
687 3659 798 3716 coram
814 3639 900 3704 Deo.
944 3641 1022 3704 Non
1042 3633 1209 3703 voluerunt
1223 3627 1268 3722 fill,

228 3719 306 3790 stoli
318 3717 386 3788 tale
402 3741 490 3805 onus„
501 3744 669 3814 imponere
686 3718 908 3801 conscientiis,
940 3745 1008 3788 nou
1024 3719 1203 3787 ’voluerunt
1220 3713 1268 3796 llll

228 3803 311 3876 tiam
336 3818 368 3872 et
382 3821 549 3898 peccatum
570 3803 726 3875 collocare
748 3802 784 3872 in
805 3803 1087 3876 observationibus
1110 3801 1268 3888 dierunt

229 3890 371 3970 borum,
400 3905 431 3960 et
451 3889 611 3961 similium
635 3915 758 3959 rerum.
801 3889 1015 3958 Imo·Paulus
1037 3884 1181 3983 appellat
1199 3879 1268 3961 hope

147 4049 152 4064 ⁸
228 3971 363 4044 modio
388 3973 514 4046 iniones
550 3973 725 4044 doctrinas.
739 3971 1001 4044 daemoniorum.
1045 3980 1155 4066 ltaque
1174 3963 1268 4033 volunta*

188 4067 193 4075 '
229 4073 263 4128 et
282 3997 455 4132 canalium
479 4067 509 4130 Α
534 4058 775 4149 ostolorum‘ex
793 4055 925 4154 scriptis
951 4083 1064 4154 eorum
1085 4051 1192 4151 quaeri
1211 4039 1268 4132 dall

229 4167 297 4212 uon
322 4162 370 4215 est
386 4145 470 4216 'satis
500 4087 643 4237 allegare
671 4141 867 4238 exemplum.
911 4143 1093 4214 servabant
1120 4153 1213 4236 certos
1231 4123 1268 4192 lot

200 4271 202 4276 ·
227 4251 297 4298 non
313 4231 402 4324 qrrod
421 4229 656 4308 ca·observatio
679 4229 721 4306 ad
748 4225 1200 4320 justificationemnecessaua
1219 4213 1268 4282 all
