2658 4892
145 281 149 288 ·
229 335 305 412 tot
563 333 738 452 Furmuln
760 333 1005 456 Concosdiue.

215 519 291 590 'bra
303 532 338 610 et
351 539 506 612 squamas
521 517 611 609 ejus,
628 530 817 606 utregnum
831 511 991 609 ipsissimi
1003 515 1201 596 Antichristi,
1219 539 1279 584 arn-

229 618 344 674 centur
365 618 464 696 atque
485 617 686 672 execrentur.
730 600 880 672 Christus
905 603 994 670 enim
1017 601 1054 670 id
1075 599 1232 696 praecipit,
1251 599 1280 668 li-

229 713 323 766 censa
361 690 481 758 Cavete
499 710 520 757 a
538 685 850 782 Pseudoprophetis.
891 691 936 756 Et
956 685 1083 756 Paulus
1102 685 1281 782 praecipitet

175 805 178 816 ·
230 771 334 844 falsos
355 771 503 844 doctum
517 770 673 855 vitemus,
700 787 731 842 et
748 767 849 841 veluti
871 771 1150 862 abominationem
1165 771 1282 864 quandan

230 883 428 940 execrernur.
469 853 581 928 Nolite
602 856 741 952 (inquit)
762 855 1017 946 jugumducere
1035 854 1281 932 erminoldum

185 989 188 1000 ·
231 965 316 1043 quae
336 939 659 1043 enim3participatio
678 939 824 1078 iustitiae
842 965 917 1012 cum
934 933 1129 1040 iniquitate?
1155 956 1219 1026 aut,
1233 961 1283 1034 quae

230 1041 369 1100 secretas
382 1025 449 1096 lucr
464 1027 507 1096 ad
522 1026 688 1096 tenebras.
723 1041 784 1096 ete.

314 1117 424 1182 Grave
439 1111 474 1183 id
492 1110 626 1206 quidem
639 1112 744 1198 videri
758 1125 882 1208 potest,
904 1126 975 1182 sese
992 1135 1013 1184 a
1029 1126 1080 1188 tot
1095 1115 1203 1203 regnis
1213 1125 1237 1180 et
1246 1135 1283 1204 pe

123 1253 125 1267 .
229 1196 318 1298 pulis
332 1198 502 1290 sejungere
523 1212 555 1265 et
569 1220 737 1291 separare,
760 1213 793 1266 et
828 1193 1005 1267 eculiarem
1024 1197 1190 1292 quandam
1204 1194 1285 1266 doctri·

230 1307 308 1358 narn
322 1280 482 1379 profiteri.
524 1281 591 1351 Sed
607 1281 733 1366 clarum
749 1297 798 1352 est
847 1282 877 1353 ei
892 1283 1104 1366 mandatum,
1126 1284 1210 1384 quod
1226 1305 1284 1374 prae

177 1429 180 1434 ,
230 1378 259 1442 ci
284 1368 313 1437 it
329 1367 444 1450 nobis,
467 1381 505 1435 ut
518 1391 630 1436 ornnes
641 1391 812 1436 caveamus
826 1393 847 1437 a
860 1391 1018 1438 consensu
1034 1394 1109 1438 cum
1126 1367 1186 1452 irs,
1205 1361 1285 1460 quiul

191 1487 194 1495 ·
229 1395 314 1528 falsa
330 1455 466 1538 docent,
487 1449 541 1522 vel
558 1451 679 1524 falsam
693 1452 876 1539 doctrinam
889 1455 1028 1530 immani
1042 1452 1224 1530 crudelitate
1237 1446 1287 1518 turi

230 1555 399 1614 conantio.
727 1591 729 1608 .
1089 1581 1094 1600 .

313 1624 381 1695 Sed
397 1639 434 1695 et.
444 1627 488 1692 D.
500 1619 662 1694 Lutberus
681 1625 718 1692 in
737 1621 806 1694 alio
831 1621 975 1716 quodam
996 1623 1059 1692 scri
1085 1639 1120 1694 to
1145 1623 1193 1712 (in
1208 1617 1286 1713 quoad

231 1709 455 1806 quaestionem
482 1709 522 1778 de
542 1707 735 1783 ceremoniis
751 1711 787 1778 in
811 1713 946 1799 genere,
977 1707 1017 1776 de
1039 1649 1224 1802 adiaphoris
1238 1726 1286 1800 resq

229 1799 330 1866 etiam
347 1794 385 1864 in
399 1794 506 1888 specie
521 1791 603 1896 quid
620 1795 830 1880 sentiendum
843 1796 902 1874 sit,
933 1792 1058 1876 docuit)
1074 1794 1243 1864 Ecclesiam
1251 1795 1286 1856 bu

162 1919 167 1942 x
230 1883 271 1951 de
283 1881 347 1950 boc
361 1878 492 1969 negotio
530 1905 560 1948 ro
575 1895 606 1948 et
618 1876 798 1948 luculenter
813 1878 961 1950 erudivit.
998 1876 1302 1971 Etmmnrquebn

229 1967 271 2035 ab
287 1965 380 2058 ipso,
401 1987 485 2032 anno
503 1903 640 2034 ilomini
654 1965 833 2033 Monxx.
849 1979 998 2050 exarata,
1022 1988 1109 2056 quae
1123 1987 1234 2058 magno
1246 1983 1287 2029 eun

230 2048 382 2120 fruente
405 2046 416 2117 i
432 2065 583 2144 possunt.

105 2145 109 2152 '
312 2139 364 2206 Ex
376 2073 429 2202 its
448 2133 602 2235 omnibus
615 2159 689 2234 pers
716 2133 785 2206 icue
799 2131 904 2206 intelli
930 2135 940 2204 i
957 2148 1083 2240 potest,
1115 2132 1287 2230 quidemn·

231 2235 395 2322 'quamque
410 2219 610 2303 Ecclesiam,
632 2161 713 2314 qued
727 2221 777 2290 sin
803 2221 874 2290 ulos
923 2220 1119 2304 brutianus,
1146 2231 1286 2314 praesecto

229 2305 547 2408 temporibusillis,
563 2306 696 2410 quando
712 2318 750 2405 e'o
789 2305 873 2375 essio
887 2305 965 2374 fidei
980 2305 1109 2402 edenda
1133 2320 1198 2388 est,
1223 2304 1287 2395 iupa·

230 2415 294 2462 mrs
315 2388 482 2470 Ecclesiae
502 2405 691 2476 ministros,
717 2415 753 2459 tn
775 2393 872 2462 rebus
894 2393 969 2460 adia
995 2390 1108 2474 huns,
1131 2381 1286 2460 benacti-

229 2477 318 2548 laesa
339 2475 552 2560 conscientia,
583 2475 763 2546 facerelrel
784 2475 936 2546 omittere
982 2491 1089 2556 coeat,
1121 2500 1164 2546 ne
1181 2464 1286 2554 Deustl

228 2565 351 2657 justam
371 2559 639 2652 indignationem.
655 2576 867 2656 provocetur,
898 2565 1016 2634 caritas
1029 2558 1195 2642 violetur,
1220 2557 1287 2624 tou

127 2667 130 2674 ’
228 2645 405 2804 3111111ὶεί
426 2645 642 2716 animosiores
666 2645 864 2734 reddantur,
894 2663 926 2718 et
941 2643 1065 2718 infirmi
1085 2644 1131 2724 in,
1143 2646 1204 2718 fide
1219 2639 1287 2710 otto

252 2749 359 2804 dsslur.
750 2755 752 2762 '
779 2741 781 2752 ¹
994 2781 997 2788 -
1300 2765 1301 2810 t

83 2897 88 2908 ,
314 2819 340 2886 1.
382 2814 565 2907 liejicimus
579 2814 682 2915 igitur
694 2834 727 2887 et
737 2817 930 2888 damnamus
946 2813 1006 2886 bos
1017 2831 1164 2886 erroress
1187 2803 1286 2903 Quanlt

148 2937 151 2946 ·
228 2906 392 2976 humanae
413 2900 608 2972 traditiones
631 2927 691 2996 per
712 2911 747 2974 s'e
768 2927 829 3000 pro
849 2901 914 2972 Dei
934 2901 1044 2987 cultu,
1072 2917 1133 2972 aut
1154 2925 1213 2995 pro
1232 2892 1301 2964 itte

154 3021 158 3030 ·
205 2988 343 3084 ¹aliqua
355 3001 448 3081 parte
465 2983 637 3056 habentur.
680 3009 684 3016 ’
718 2991 722 3010 ’
824 3069 859 3088 ..
1048 3029 1050 3036 ·
1258 3059 1264 3076 .
1300 3007 1301 3076 1

268 3113 278 3130 .
314 3078 356 3142 11.
400 3071 544 3158 Quando
561 3071 725 3142 humanae
748 3072 940 3144 traditiones
982 3097 1019 3142 er
1033 3071 1174 3141 modum
1192 3080 1301 3145 martti

158 3249 160 3254 ,
218 3158 304 3314 nis,l
330 3173 488 3252 tanquam
510 3158 730 3243 necessariae,
759 3155 924 3230 Ecclesiae
980 3162 1012 3228 ei
1029 3152 1240 3230 observandae
1252 3149 1285 3216 tl

227 3258 416 3317 trauntur.
967 3264 982 3288 ³

179 3398 184 3406 ,
307 3333 371 3398 111.
413 3325 637 3424 Repudiamus
648 3344 680 3399 et
693 3327 885 3398 damnamus
894 3328 1116 3402 etiameorum
1129 3323 1285 3421 opinione

228 3415 285 3512 qui
310 3411 471 3495 sentiunt,
501 3413 594 3508 quod
619 3413 852 3508 persecutionis
878 3429 1029 3505 tempore
1050 3411 1200 3484 hostibus
1213 3411 1284 3504 but

229 3497 309 3590 gelii
330 3503 420 3583 (cum
443 3500 569 3590 jactura
584 3514 669 3568 certe
689 3496 834 3568 veritatis
851 3498 996 3590 divinae)
1010 3497 1056 3566 in
1069 3495 1284 3588 adiaphorun

183 3628 198 3636 -ι
227 3581 400 3740 illumi*
415 3581 609 3674 gratificari,
638 3595 757 3654 etcum
771 3582 872 3676 ipsis,
901 3607 940 3656 ea
956 3584 992 3652 iu
1007 3597 1120 3678 parte,
1150 3587 1283 3652 consentite
1299 3631 1300 3660 ,

243 3681 362 3740 recat-
572 3721 578 3726 -

211 3821 215 3828 ,
312 3754 371 3822 tv,
414 3750 500 3822 Illud
516 3755 614 3824 etiam
628 3750 967 3824 eriminenonnacare
983 3749 1179 3846 judicamus,
1193 3735 1271 3840 quati
1299 3757 1300 3762 ’

226 3834 459 3936 persecutionis
477 3853 640 3932 tempore,
668 3837 723 3906 rel
744 3825 780 3906 id
794 3837 1004 3936 adiaphoris,
1032 3836 1087 3906 vel
1110 3833 1221 3905 induc

227 3921 280 4003 vel
310 3921 345 3992 in
372 3920 444 3990 aliis
475 3923 572 3992 rebus
602 3923 645 3990 ad
674 3921 871 4014 religionem
900 3921 1159 4018 pcrtinentibust
1191 3923 1282 4010 propir

225 4006 402 4096 Evangelii
419 4003 544 4089 hostes,
567 4003 639 4098 ipso
654 4005 741 4078 facto
757 4004 883 4102 aliquid
894 4008 1128 4091 committitur,
1150 3999 1282 4099 quodptii

134 4161 141 4180 ,
224 4090 423 4166 confessioni
436 4105 602 4184 repugnet.
931 4153 933 4158 ,
1273 4149 1278 4164 ,

239 4203 243 4208 ·
313 4177 496 4265 Rejicimus
511 4192 542 4244 et
555 4178 749 4246 damnamus
762 4176 861 4246 etiam
874 4200 989 4248 eorum
1002 4163 1233 4284 intemperiem,
1247 4177 1280 4250 im

123 4273 128 4290 '
158 4263 161 4270 ’
227 4259 410 4378 &diaphonia
424 4283 470 4346 ,ca
491 4259 648 4360 opinione
667 4263 848 4358 abrogant,
876 4263 973 4360 quasi
990 4265 1157 4348 Ecclesiae,
1172 4251 1226 4328 nei
1239 4259 1279 4316 nt
