2610 4900
760 255 765 290 l

268 401 271 415 .
370 341 770 474 Cateebisrnus'major.
885 325 888 332 ¹
988 327 1146 462 ‘367'x

31 529 60 596 in
74 526 225 620 optimam
243 520 368 622 partem
383 523 590 624 interpretari
607 527 754 608 noverit,
775 539 832 596 aut
852 523 949 676 aequi
971 522 1118 618 bonique

29 612 201 698 consulere,
223 630 333 692 contra
349 613 479 704 linguas
493 629 667 681 venenatas
690 628 790 705 atque
813 627 896 704 pesti
916 634 1007 692 oras,
1039 609 1118 703 qui-

30 699 81 766 bus
96 697 188 767 unice
197 697 306 766 studio
320 715 379 780 est,
402 715 439 768 ut
452 695 576 792 siquid
591 694 1010 790 cupiscenturetarripiant,
1028 695 1118 786 quood

29 785 57 851 iu
74 785 220 877 proximo
235 781 473 885 reprehendere
488 797 622 874 queant,
645 779 726 860 illud
740 781 879 876 pessime
898 779 1117 874 interpreten-
1172 787 1178 808 “

30 883 90 949 tur,
112 884 168 936 aut
181 866 344 938 malitiose
360 863 861 964 pervertunt:'quemadmodum
883 863 951 954 jam
967 863 1117 936 omniurn

29 951 229 1022 nasimeDei
243 952 354 1036 verbo,
376 949 1009 1047 ejusquecloctttribussoletcontinge're.
1032 955 1118 1022 Sunt
1166 1015 1171 1030 ,

29 1037 134 1130 itaque,
152 1040 187 1104 ln
209 1035 272 1106 boe
294 1054 467 1134 praecepto
494 1037 589 1106 valde
603 1035 715 1106 'multa
737 1037 825 1106 bona
842 1057 961 1137 opera,
983 1059 1067 1130 quae
1084 1043 1132 1106 et'
1157 1069 1162 1080 ·
1218 1075 1221 1090 ·

28 1126 91 1190 ltro
105 1147 233 1192 summe
247 1122 389 1216 placent,
412 1141 438 1191 c:
459 1121 587 1191 abunde
597 1121 738 1190 multum
746 1120 989 1191 benedictionis
1006 1137 1037 1189 et
1052 1121 1116 1190 ho-

28 1231 131 1274 norum
146 1233 254 1276 secum
271 1224 464 1302 apportant,
494 1207 642 1278 simodo
664 1231 703 1276 ea
727 1203 852 1300 perdiu
877 1205 977 1304 lurjus
1001 1203 1118 1276 muudi
1180 1215 1182 1222 ’

28 1289 173 1375 coecitas,
195 1307 228 1362 et
244 1291 320 1362 lalsi
336 1289 384 1360 illi
400 1290 538 1362 sanctuli
552 1317 730 1384 agnoscere
742 1289 869 1358 uellent
897 1295 1011 1384 licque
1026 1287 1117 1360 eninr
1221 1357 1223 1364 ,

28 1376 201 1470 quidquam
219 1395 267 1447 est
281 1375 316 1447 iu
330 1391 400 1452 toto
413 1375 564 1460 bomine,
595 1375 684 1472 quod
708 1375 805 1465 longe
828 1371 956 1470 lateque
973 1375 1117 1466 ‚perinde

26 1459 90 1554 plus
103 1463 287 1541 bonorum,
310 1484 349 1531 ae
363 1462 476 1532 itidem
491 1460 566 1556 plus
580 1462 762 1543 malorum,
783 1483 888 1548 aeque
902 1485 975 1530 eum
993 1460 1028 1530 in
1045 1464 1117 1554 spi-

26 1545 206 1631 ritualibus,
230 1547 351 1616 tumin
367 1548 541 1634 mundanis
556 1546 697 1638 negotiis
720 1545 851 1640 ope'rari
870 1559 993 1648 potest,
1018 1559 1075 1638 atq
1087 1571 1117 1612 re

26 1627 146 1786 lingqq,
166 1645 358 1734 quanquam
383 1631 533 1704 omnium
550 1631 773 1704 membrorum
792 1645 825 1705 et
839 1628 1013 1702 minimum
1028 1628 1070 1700 sit
1084 1643 1118 1698 et

26 1740 113 1786 mvar
137 1742 301 1790 rssrmom.
367 1741 368 1746 ¹

148 1923 463 2016 PRAECEPTUM
482 1923 651 1992 NONUM
669 1926 731 1991 ET
752 1922 985 1991 DECIMUM.
1074 2017 1077 2026 Ι
1139 1969 1142 1976 .

112 2083 192 2152 Non
210 2083 452 2182 concupisces
474 2080 627 2160 domum
640 2081 799 2180 proximi
822 2085 909 2156 tui.¹
944 2080 1020 2152 Nee
1041 2075 1115 2152 de·-
1155 2088 1156 2094 ’
1191 2149 1192 2154 ,

27 2179 192 2258 siderabis
213 2209 372 2256 «uxorem
398 2184 497 2282 ejus,
535 2209 612 2257 non
635 2186 801 2272 servu'rn,
840 2181 1122 2274 nonaueillam,·
1204 2227 1212 2262 -‚

28 2307 91 2356 non
108 2285 269 2392 bovem,
301 2287 577 2395 non'asin'um,
601 2313 724 2388 neque¹
752 2287 874 2359 omnia
896 2307 994 2392 quae
1018 2284 1115 2396 illius

27 2403 108 2458 sunl.
335 2427 338 2432 ·
490 2417 492 2422 ’
527 2403 528 2408 ’

8 2631 9 2634 ,
77 2569 79 2576 '
99 2571 184 2638 Haeo
198 2569 265 2639 duo
280 2567 462 2666 posteriora
475 2585 649 2664 praecepta
669 2567 804 2640 Judaeis
817 2566 1027 2664 'peculiariter
1040 2569 1116 2657 data

28 2667 107 2722 sunt:
129 2680 320 2749 quanquam
334 2653 375 2724 ad
397 2679 461 2737 nos
474 2680 605 2748 quoque
620 2655 777 2756 noqruulla
799 2681 837 2726 ex
857 2671 949 2751 parte
968 2651 1120 2748 pertine-'

29 2755 84 2808 aut.
125 2744 239 2834 Neque
251 2739 338 2810 enirn
355 2739 512 2840 deprava
525 2739 637 2811 carnis.
653 2739 790 2813 lubidine
815 2757 872 2810 aut
882 2741 973 2810 lucto
988 2737 1045 2808 illa
1060 2738 1117 2806 in-

28 2835 236 2917 terpretantur
248 2842 305 2894 aot
318 2825 526 2916 intelligunt,
555 2851 646 2918 quae¹
664 2850 765 2921 supra
789 2826 919 2898 abunde
944 2822 1117 2894 interdicta
1198 2871 1200 2882 ·

29 2925 102 2978 sunt.
123 2910 438 3004 l'utabantquoquq,
455 2909 520 2978 alia
536 2910 644 2978 omnia
654 2928 763 2981 sancte
781 2935 816 2981 se
834 2934 990 2991 servasse,
1012 2909 1041 2976 si
1056 2931 1117 2975 ex-
1151 2932 1157 2949 ¹

29 3005 105 3062 terne
128 2994 296 3078 fecissent,
326 3012 471 3066 autnon
497 2993 648 3084 fecissent
664 3021 775 3092 opera.
823 3001 871 3064 Et
897 3019 970 3063 eam
986 2993 1029 3063 ob
1044 3017 1116 3063 reru

29 3077 106 3146 Deris
120 3077 198 3178 baec
212 3079 279 3178 duo
299 3078 373 3148 aliis
388 3078 567 3176 praeceptis
582 3081 719 3172 adjecit,
748 3096 784 3150 ut
798 3078 878 3178 haee
898 3103 1033 3178 quoque
1052 3101 1115 3170 pro

29 3181 152 3250 peccatis
166 3179 389 3247 aestimentur,
412 3189 547 3246 texerem
562 3181 620 3232 aut
637 3191 706 3234 rem
721 3165 862 3258 proxim1
879 3185 1116 3257 concupiscere,
1144 3185 1147 3194 ¹

29 3263 77 3315 aut
95 3247 206 3343 aliquo
230 3265 325 3341 pacto
348 3275 408 3344 pro
421 3273 460 3318 ea
481 3248 643 3342 potiunda
666 3251 790 3320 conari.
838 3253 884 3320 Et
903 3246 966 3318 boe
980 3271 1054 3318 eam
1071 3247 1115 3322 ot

29 3353 147 3401 causam
160 3333 386 3428 potissimum,
408 3360 482 3404 curn
496 3333 531 3402 in
542 3333 715 3403 Judaismo
727 3334 813 3404 servi
828 3332 1023 3425 etaucitlae,
1046 3357 1134 3402 non·
1207 3380 1216 3388 -

29 3430 148 3498 utounc
160 3435 254 3486 erant:
268 3417 386 3500 liberi,
412 3435 453 3488 ut
469 3417 545 3498 huie
558 3436 615 3488 aut
636 3418 686 3488 illi
709 3421 854 3492 mercede
870 3418 1027 3502 ,conducti
1050 3443 1115 3524 pro

29 3502 269 3587 suearbitratu,
292 3517 391 3594 quant
413 3504 470 3572 diu
484 3501 652 3587 libuisset,
674 3503 879 3586 serviissenn
903 3503 960 3573 sed
977 3497 1116 3574 donuno

29 3602 109 3655 erant
124 3588 255 3681 proprie
268 3588 457 3682 mancipati,
478 3593 634 3658 unacum
649 3617 706 3660 cor
730 3599 828 3660 ore'et
842 3589 939 3661 rebus
951 3589 1116 3674 omnibus,

30 3671 292 3762 quemadmodum
305 3696 442 3766 pecora,
464 3671 635 3770 etreliqua
657 3614 852 3746 substantia.
901 3676 955 3745 Ad
975 3673 1055 3744 baec
1075 3697 1116 3744 ea
1231 3716 1235 3728 =

30 3769 148 3900 quoque
164 3772 306 3850 potestas
325 3758 359 3826 in
380 3777 626 3827 uxorem‘suam
647 3757 763 3854 cuique
778 3777 850 3844 erat
873 3757 993 3842 libera,
1014 3773 1052 3834 ut
1066 3758 1130 3827 il-‘
1192 3805 1193 3808 =
1289 3765 1292 3776 ’

43 3861 88 3906 arn
102 3842 176 3912 dato
191 3841 304 3910 libello
319 3843 448 3938 repudii
462 3867 482 3912 a
496 3867 530 3912 se
545 3860 656 3935 posset
672 3845 853 3928 dimittere,
882 3870 919 3914 ae
933 3843 1035 3914 aliam
1051 3846 1116 3912 du-x

31 3939 101 3994 tere.
139 3931 216 3994 Jam
234 3925 603 3997 inbocvieissiminter
621 3953 655 3999 se
693 3929 957 4013 annitebantur,
981 3927 1113 4021 nequis
1214 3931 1216 3940 ’

31 4003 154 4078 alterius
167 4010 278 4081 uxoris
293 4012 448 4105 cupidus,
470 4024 576 4082 sumta
595 4011 658 4084 alic
704 4013 716 4081 i
739 4014 905 4086 occasione
927 4029 1114 4083 etsuaere-

32 4091 156 4238 podium
164 4096 386 4184 renunciaret,
408 4114 440 4167 et
453 4095 548 4166 alteri
561 4119 654 4168 suam
666 4116 811 4194 ereptam
826 4100 899 4196 ipse
912 4095 958 4168 ali
983 4125 1027 4167 uo
1037 4124 1115 4168 mo·
1234 4171 1236 4178 ,

52 4197 68 4240 ο
82 4193 110 4246 et
123 4190 289 4272 praetextu
301 4185 381 4252 ficto
388 4197 648 4276 consequeretur.
689 4189 767 4254 Jam
782 4184 845 4260 boc
855 4184 949 4280 apud
960 4123 1127 4256 iudaeos.
1179 4191 1182 4197 “

33 4280 91 4329 uon
107 4261 285 4338 habebatur
298 4267 559 4375 dedecorosum,
585 4265 849 4367 multominus,
890 4296 998 4368 quam-
1021 4275 1115 4371 quod

240 4399 250 4408 ,
425 4370 428 4378 ’
456 4378 467 4401 x
776 4382 778 4386 ⁴
1146 4375 1153 4400 t
