2610 4892
721 203 738 240 l·
854 237 857 250 .

137 351 160 420 ,Ι
194 308 271 398 426
385 415 395 432 „
510 284 791 413 ,Guteehisinus
815 301 947 410 major.

98 525 101 533 ·
131 495 134 500 ’
194 489 438 588 tergiversetur,
464 503 521 558 aut
544 491 732 560 'succumbat
753 491 911 586 (lenique,
939 489 1151 584 sed'suhinde
1169 491 1248 574 magis

151 633 152 638 ,
192 591 290 670 alnae
306 595 410 664 magis
427 575 482 641 liat
499 575 698 652 robustior..
718 577 851 647 Etenim
867 602 950 648 nova
964 577 1028 646 vita
1049 579 1096 646 sie
1112 575 1248 661 instituru-

192 659 233 729 da
250 677 325 739 est,
358 673 395 726 ut
418 657 545 726 assidue
573 674 711 742 creseat,
744 678 775 730 et
792 671 890 754 porro
906 665 1072 756 pergendo
1096 662 1250 729 incrementa

191 743 337 840 accipiat.
386 745 511 812 Verum
530 741 606 843 huie
624 761 738 840 *contra
759 747 879 816 multae
903 751 1069 840 passiones
1094 745 1250 832 exhaurien-

192 831 252 900 dae
277 843 360 898 sunt.
421 833 528 897 'lanta
553 855 638 898 euim
663 846 789 901 aestuat
809 832 1147 911 iracundia.inimicus
1167 846 1251 897 noster

188 913 371 997 Diabolus,
394 911 493 982 simul
513 929 609 1006 alque
623 916 825 1011 conspexelit
847 943 906 986 uos
925 921 1079 986 adversus
1099 943 1130 985 se
1149 915 1214 995 niti,
1230 929 1251 980 et

189 999 357 1072 hominem
374 1014 515 1097 ueterem
531 997 649 1092 injecto
665 1001 757 1070 freno
774 1003 929 1085 coerceri,
953 1021 991 1072 ut
1007 1002 1061 1071 ille
1087 1025 1143 1070 nos
1160 997 1189 1066 ri
1209 1025 1250 1066 ue-

189 1103 287 1180 queat
299 1081 501 1178 opplrmere,
523 1099 592 1152 tum
608 1087 649 1154 ab
665 1085 753 1164 omui
770 1103 859 1181 parte
876 1089 989 1180 positis
1011 1088 1135 1155 insidiis
1156 1083 1250 1156 occulte

166 1171 334 1264 'irrepens
349 1193 408 1238 uos
427 1168 590 1254 adoritur,
622 1183 736 1238 omnes
758 1197 834 1242 suos
853 1197 968 1241 nervos
991 1172 1171 1253 intendens,
1199 1195 1251 1238 om-

76 1277 79 1284 ’
126 1297 129 1304 ·
166 1313 170 1325 ,
185 1282 243 1326 nes
261 1279 335 1338 suas
350 1269 436 1324 artes
453 1253 639 1348 experiens,
661 1256 741 1325 nihil
756 1274 827 1330 ,n'on
845 1257 1047 1326 fallaciarum
1065 1281 1193 1338 conans,
1212 1279 1252 1320 ure

131 1367 134 1380 ¹
185 1341 278 1436 prius
295 1339 444 1424 absistit,
469 1365 566 1432 quam
581 1365 640 1408 nos
658 1341 797 1435 denique
813 1357 951 1429 extrema
969 1342 1157 1410 lassitudine
1171 1337 1250 1406 delu-

103 1487 105 1494 .
123 1465 126 1474 .
171 1451 239 1496 ¹sos
256 1424 386 1508 feeerit,
410 1441 446 1493 ut
462 1443 518 1492 aut
534 1425 660 1514 ahjecta
676 1427 779 1520 (quud
796 1428 905 1514 aiunt)
924 1427 1015 1502 hasta
1031 1427 1129 1496 fidem
1149 1425 1251 1492 desera-

132 1571 133 1576 ,
185 1537 278 1595 mus,
311 1510 477 1579 automni
500 1511 676 1606 desperata·
701 1511 904 1604 repugnandi
926 1512 1042 1581 fiducia
1061 1509 1196 1580 'taediosi
1213 1520 1250 1573 aut

184 1595 390 1690 impatientes
404 1597 530 1694 fiamus.
572 1595 622 1661 Ad
644 1595 705 1665 hoc
722 1598 792 1700 jam
819 1599 928 1664 datum
957 1613 1006 1666 est
1037 1595 1204 1674 solatium,
1231 1605 1251 1657 rt

182 1683 263 1754 haec
277 1695 495 1776 praesentaria
508 1678 610 1748 animi
634 1678 752 1749 lavatio
778 1683 957 1768 adornata,
986 1698 1022 1750 ut
1035 1707 1111 1751 cum
1131 1705 1183 1750 cor
1195 1703 1250 1745 sen-

87 1811 89 1819 ι
130 1805 134 1817 ·
180 1767 281 1848 serite
303 1791 338 1834 se
354 1765 455 1852 nimia
468 1763 714 1858 iurpuvnatioue
730 1765 857 1862 premi,'
875 1765 929 1836 hie
947 1765 1034 1836 vires
1054 1781 1089 1836 et
1113 1761 1252 1834 relocilla-

180 1852 303 1924 tionem
319 1863 454 1945 quaerat
473 1865 505 1946 et
518 1819 656 1918 unierat.
937 1865 941 1870 “

153 2041 161 2056 “
265 2017 368 2116 Atqui
392 2017 546 2089 hocloco
576 2021 705 2088 iterum
721 2019 829 2089 nasuti
853 2018 990 2116 spiritus
1012 2018 1119 2088 nostri
1142 2015 1252 2087 mirifica

120 2187 126 2198 ¹
161 2105 366 2200 'eruditione
386 2119 418 2174 et
440 2105 602 2198 sapientia
618 2127 676 2172 sua
694 2129 761 2172 sese
778 2121 1010 2201 contorquent;
1042 2103 1252 2173 tumultuantes

179 2207 212 2263 et
228 2192 454 2292 vociferantes:
479 2189 536 2284 qui
551 2215 646 2268 vern,
667 2189 832 2286 inquiunt,
855 2190 951 2284 panis
969 2207 1000 2258 et
1014 2188 1131 2258 sinum
1147 2203 1252 2283 peecata

177 2293 321 2374 possunt·
331 2291 504 2358 remittere,
534 2291 590 2344 aut
607 2275 704 2343 fidem
719 2277 953 2346 corroborare?
978 2275 1064 2342 Cum
1084 2291 1190 2346 tamen
1204 2273 1250 2338 sci-

176 2378 280 2434 autel
294 2360 445 2443 audiant,
475 2385 535 2430 nos
557 2358 635 2428 talia
661 2355 796 2428 devino
817 2377 848 2430 et
871 2384 955 2455 pane
978 2381 1153 2454 uunquam
1168 2356 1252 2428 adhuc

175 2449 341 2530 docuisse,
361 2443 449 2514 velut
491 2444 561 2513 anis
579 2469 683 2540 perse
705 2449 797 2538 panis
814 2461 881 2528 est,
910 2469 1024 2526 verum
1039 2447 1080 2513 de
1107 2442 1165 2514 tali
1185 2463 1250 2536 pane

107 2529 114 2542 “
175 2549 208 2604 et
223 2534 317 2614 vin03
343 2555 425 2624 quae
451 2469 575 2598 (lhrissi
600 2553 718 2633 corpus
740 2545 772 2598 et
791 2529 921 2619 sanguis
941 2543 1034 2612 suut,
1057 2543 1093 2599 et
1108 2529 1251 2598 rerhase-

174 2644 255 2689 cum·
269 2616 440 2706 conjuncta
455 2612 583 2682 habeut.
605 2619 705 2694 'H1c‚
728 2615 887 2710 inquam,¹
902 2614 997 2708 panis
1025 2613 1194 2684 thesaurus
1211 2608 1251 2678 ille

174 2707 369 2795 est‚‚quem
388 2701 565 2791 jactamus,
595 2697 649 2768 hic
670 2711 755 2768 c'erte
778 2715 846 2784 est,
873 2698 1058 2784 ‘uenalium
1116 2726 1152 2768 er
1174 2721 1252 2792 quem

172 2785 335 2884 ejusmodi
351 2799 558 2880 peccatorum
582 2781 853 2854 condonationem
877 2781 1029 2854 Christus
1048 2725 1151 2856 uehis
1171 2779 1251 2851 meri-

172 2887 226 2962 tus
252 2887 312 2942 est.
360 2875 436 2940 dam
456 2867 511 2938 ille
532 2870 723 2952 noualiter²
777 2893 853 2938 uam
862 2869 929 2964 'per
948 2869 1049 2938 verba
1077 2877 1157 2966 (pro
1177 2865 1250 2936 vohis

171 2957 314 3029 traditur
329 2969 361 3024 et
377 2953 577 3044 effunditur)
592 2953 687 3024 nohis
711 2895 850 3023 ostium
874 2969 906 3022 et
928 2955 1080 3025 donatur.
1132 2961 1211 3038 Nam
1226 2950 1250 3016 in

170 3042 222 3113 his
246 3058 422 3134 utrumque
444 3037 562 3120 habes,
593 3055 626 3118 et
649 3038 740 3136 quod
771 3037 895 3108 Christi
910 3051 1031 3132 corpus
1045 3041 1108 3124 sit,
1131 3057 1165 3110 'et
1179 3035 1250 3133 quod

170 3143 265 3200 tuum
280 3125 338 3214 sit,
361 3141 516 3222 tauquam
539 3124 710 3194 thesaurus
729 3128 761 3192 el
774 3124 907 3194 donum
929 3139 1118 3193 concessum
1141 3122 1251 3218 gratui-

102 3293 104 3300 γ
129 3267 140 3278 .
169 3221 230 3285 to.'
257 3209 469 3364 Quinetiam
484 3207 568 3278 illud
591 3235 651 3304 pro
668 3226 755 3278 certo
770 3207 1070 3288 coustat‚¹Ghristi
1095 3233 1209 3306 eorpus
1227 3218 1249 3271 et

168 3322 284 3392 sangui
311 3304 362 3366 eru
389 3317 497 3391 nequa
524 3318 599 3383 uam
628 3319 698 3363 rem
722 3297 861 3362 otios'am
885 3307 916 3360 et
937 3292 1172 3384 infrugiferam
1197 3315 1249 3362 esse

105 3449 108 3464 ,
166 3405 275 3482 posse,
300 3404 382 3476 quae
396 3377 479 3447 nihil
493 3320 616 3450 linctus
633 3395 690 3448 aut
704 3377 856 3448 utilitatis
871 3377 1006 3447 asserat
1042 3385 1249 3448 Veruntamen

101 3499 108 3514 ¹
167 3467 346 3630 quamlibet
361 3487 498 3552 magnus
513 3488 571 3558 per
585 3487 617 3532 se
635 3464 808 3541 thesaurus
826 3461 959 3545 existat,
990 3463 1091 3537 verbo
1114 3491 1188 3536 eum
1210 3462 1249 3530 irl-

52 3627 56 3636 ,
163 3581 183 3626 e
196 3555 253 3623 udi
267 3550 352 3621 acin
366 3571 404 3616 uo
419 3547 518 3617 nohis·
528 3545 641 3620 offerri
655 3557 791 3642 neeesse!
800 3564 866 3632 ost,
900 3547 1028 3648 alioqui
1049 3554 1189 3623 eundem
1201 3572 1248 3616 ne-

165 3664 230 3732 que
246 3641 345 3718 seire,
365 3657 474 3734 neque
487 3647 643 3732 quaerere
657 3657 839 3730 possemus,
864 3685 867 3690 ,

103 3807 153 3881 Ὗ
250 3809 362 3898 Quare
391 3801 476 3876 nihil
501 3801 599 3904 etiam
622 3801 708 3878 illud
734 3819 782 3898 est
801 3801 966 3902 planeque
987 3775 1249 3877 frivolumcom·

161 3908 327 3975 mentum,
343 3891 440 3986 ‘quod
459 3905 626 3984 garriunt,
651 3889 776 3958 Christi
793 3915 830 3959 eo
875 3915 912 3958 us
925 3897 966 3960 'et
983 3893 1178 3982 sanguinem
1193 3913 1246 3958 nou

14 4059 17 4068 ,
121 4017 130 4034 s
160 4005 232 4052 esse
247 3978 282 4048 in
301 3999 474 4072 eoeuapro
491 3973 587 4048 uobis
604 3974 758 4046 traditum
780 3989 843 4044 ete
874 3999 987 4058 usum,
1015 3975 1058 4046 ob
1082 3977 1118 4046 id
1141 3977 1174 4045 in
1192 3981 1245 4044 Sa-

160 4079 330 4135 cramenta
354 4076 557 4163 peecatorum
580 4059 806 4161 remissionem
832 4085 894 4129 uos
915 4057 1035 4130 hahere
1060 4087 1130 4132 non
1152 4085 1244 4156 posse.

76 4219 77 4222 ,
129 4197 132 4207 ·
159 4151 247 4222 Nan
266 4161 395 4226 tametsr
418 4163 501 4242 opus
524 4167 684 4240 1psum1n
701 4169 793 4232 cruce
812 4159 980 4239 peractum
1000 4162 1066 4234 est,
1094 4161 1128 4216 et
1143 4169 1244 4240 peeca-

54 4315 59 4322 ,
160 4247 280 4312 torum*
301 4233 349 4304 ihi
372 4245 480 4326 ‘parta‘
502 4227 717 4322 condonatio:
735 4289 739 4296 .
757 4244 865 4324 neque
879 4232 1096 4338 ‚tameu'alia
1112 4231 1245 4310 munna,

1000 4547 1002 4558 '
1092 4559 1107 4594 x
