2618 4902
430 291 680 455 Confesslonls
703 343 721 468 3⁶
1034 343 1098 416 ou

18 531 100 600 tibus
114 529 262 626 purltfet
277 543 326 612 est
344 553 426 624 opos
442 527 586 626 Spiritus
603 526 717 602 sancti,
741 521 809 607 non
823 537 885 596 stat
901 537 975 598 cum
989 521 1103 624 μιαρέ
1140 531 1147 536 ’
1212 547 1213 554 ¹

21 643 41 684 ο
62 613 212 718 mortali,
240 616 296 687 sed
319 613 493 706 tantisper,
524 615 601 690 dum
617 614 725 691 adest,
748 607 855 680 bonus
869 606 1102 711 fruetus·pant,

17 718 42 770 tt
57 717 167 798 postea
179 701 334 785 dicemus,
356 701 435 794 quid
450 715 556 794 potest
574 697 636 767 diei
650 697 689 776 de
708 691 915 794 conversione
928 719 1033 786 rnrpn,
1047 719 1104 764 seu

17 786 45 855 le
69 786 168 854 modo
188 783 457 884 regenerationis,
486 782 668 884 simplicius
698 795 730 854 et
754 775 892 877 clauus?
930 778 1105 878 Proferapt

15 896 105 939 inum
119 886 388 938 courmentorrum
402 895 436 940 un
450 885 624 942 sententias
634 893 672 936 ex
687 880 776 934 tanto
788 879 985 956 scriptorum
993 887 1101 956 agm1-

16 983 54 1035 re,
78 953 140 1048 qui
153 953 193 1022 de
212 953 310 1031 modo
330 950 582 1042 remorationis
600 949 728 1022 dixerit.
765 949 852 1018 Cum
868 947 1048 1042 loquuntur
1062 949 1103 1047 dp
1213 967 1220 978 ’

15 1038 117 1122 iabitu
136 1035 339 1119 dilectionis,
365 978 765 1126 fungum-eumlmmines
781 1059 839 1128 per
857 1058 957 1128 opera
972 1059 1102 1120 meren,

15 1149 70 1192 ron
91 1123 205 1192 desem
223 1147 283 1216 per
302 1121 440 1192 verbum
461 1119 525 1190 aeci
553 1118 587 1208 i„
614 1121 696 1190 sieut
716 1133 748 1188 et
761 1117 824 1190 hoc
844 1131 910 1188 tem
936 1145 993 1188 ore
1007 1123 1101 1204 dna-

15 1206 159 1300 ›aptistae
177 1206 301 1277 docent.
352 1209 396 1286 At
419 1213 493 1274 cum
514 1147 587 1276 Ileo
610 1231 678 1286 nou
721 1219 803 1272 otest
818 1201 891 1293 agi,
958 1227 1014 1274 eus
1034 1227 1154 1284 nou„

14 1308 109 1362 »otest
124 1288 342 1389 apprehendi,
364 1289 502 1390 uisiper
520 1229 718 1362 verbuml
864 1288 870 1302 '
1229 1293 1232 1302 ’

716 1287 777 1357 deo
793 1286 979 1379 justificatio
994 1289 1029 1358 fit
1059 1314 1103 1370 ver
1121 1327 1123 1332 ,

14 1374 151 1461 terbum,
181 1392 265 1448 stcut
284 1375 405 1446 Paulus
430 1375 551 1470 sequit:
578 1372 799 1464 Evangeliurn
820 1389 868 1445 est
884 1371 1027 1470 potentia
1039 1313 1103 1441 llei

13 1460 42 1528 td
55 1459 194 1530 salutem
217 1459 308 1532 omui
324 1461 475 1535 eredenti.
528 1465 627 1530 Item:
658 1459 755 1528 Fides
771 1474 818 1528 est
831 1483 870 1526 eu
888 1457 1014 1527 auditu.
1056 1461 1102 1528 Ει
1229 1513 1233 1520 .

13 1544 385 1700 pelalppppnprfippumentum
400 1545 484 1614 stimi
503 1562 628 1639 potest'
640 1543 729 1638 quod
746 1543 826 1612 fides
841 1541 1001 1631 justificet,
1049 1542 1102 1612 uia
1127 1573 1134 1585 ,
1212 1562 1215 1571 “

240 1629 423 1721 justificatio
441 1631 665 1724 perverbum,
693 1645 726 1698 et
740 1627 877 1698 verbum
897 1644 1021 1696 tantum
1062 1629 1103 1698 de
1179 1679 1180 1691 ,

12 1715 271 1816 uppreheuditur,
291 1714 448 1809 sequitur,
488 1715 552 1796 uod
570 1714 648 1784 fides
661 1711 830 1807 justificet;
854 1713 912 1782 sed
924 1712 1101 1802 suntlaliae

12 1823 141 1890 napores
164 1798 341 1892 rationes-4
369 1804 459 1870 'Haec
500 1798 618 1868 inimus
640 1797 816 1880 hactonus,
838 1814 875 1866 ut
889 1797 1024 1866 modum
1045 1825 1101 1874 re-
1169 1811 1173 1819 “

11 1883 215 1986 persuationis
236 1881 495 1970 ostenderemus,
521 1899 556 1958 et
578 1901 614 1954 ut
627 1881 767 1975 intelligi
784 1897 911 1978 posset,
934 1880 1044 1976 qualis
1057 1884 1102 1956 sit

11 1967 296 2063 rdes,=dequa‚lo
322 1969 439 2038 urimur.
471 2025 472 2032 ,
552 2035 586 2054 ,ξ
852 2039 855 2054 ,
983 1973 1009 2042 s

54 2083 59 2094 ·
83 2059 179 2144 Nunc
201 1995 423 2137 ostendemus,
451 2052 545 2148 quod
568 2054 647 2122 fides
668 2050 840 2144 justificet:
872 2050 939 2121 Ubi
955 2053 1100 2147 primuni

10 2165 60 2208 roc
74 2137 231 2211 monendi
246 2155 321 2208 sunt
334 2137 478 2220 lectores,
500 2141 588 2233 quod
603 2139 687 2208 sicut
703 2147 830 2222 n'e'cesse
845 2154 903 2219 est,
925 2137 1010 2208 hanc
1022 2165 1098 2208 sen-

9 2224 133 2296 entiam
158 2223 261 2304 tueri,
292 2225 380 2317 quod
399 2223 549 2292 Christus
567 2223 612 2293 sit
632 2223 812 2308 mediator,
841 2222 887 2290 ita
909 2246 1044 2296 neeesse
1057 2225 1100 2296 sit
1183 2266 1186 2277 ·

9 2307 187 2389 lefondere,
211 2308 302 2402 quod
319 2309 397 2378 fidas
412 2303 576 2398 justificet.
621 2308 800 2396 Quomodo
815 2305 903 2376 euim
920 2305 982 2376 erit
998 2307 1099 2392 Chri-

8 2409 67 2461 stus
80 2393 255 2474 mediator,
284 2392 312 2460 si
330 2392 365 2462 in
381 2392 690 2485 justificationenon
707 2392 832 2462 utimur
847 2417 886 2462 eo
899 2393 1097 2482 mediatore;

8 2478 27 2554 ,si
48 2503 115 2562 non
132 2475 305 2559 sentimus,
337 2478 426 2571 quod
463 2493 573 2571 ropter
594 2476 702 2571 ipsum
726 2477 804 2548 'usti
825 2488 1035 2570 reputemur?
1060 2481 1099 2551 ld

8 2579 109 2630 erstem
122 2579 170 2631 est
185 2563 337 2645 credere,
357 2503 531 2634 'confudere
553 2561 679 2630 meritis
692 2503 831 2644 Clrisd,
862 2563 949 2656 quod
966 2581 1099 2660 propter

10 2673 104 2740 psum
122 2663 209 2716 certo
226 2646 305 2716 velit
320 2647 414 2716 nobis
421 2651 512 2716 Deus
547 2645 670 2716 laeatus
688 2673 766 2720 esse.
801 2653 882 2718 Item
896 2645 981 2718 sicut
992 2655 1096 2752 opor]—

8 2749 46 2824 et
62 2731 251 2814 defendere,
279 2733 367 2826 quod
382 2674 644 2828 praeterllgem,
673 2731 852 2802 necessaria
867 2730 910 2801 sit
946 2737 1097 2808 remissio
1214 2805 1215 2814 ,

8 2815 138 2900 Ξιηίιιί,
162 2815 207 2886 ita
222 2837 350 2886 necesse
366 2837 414 2886 est
430 2817 620 2910 defendere,
643 2817 734 2912 quod
748 2821 827 2904 fides
840 2757 998 2909 justifcet
1030 2827 1098 2891 Len
1166 2884 1172 2909 ,

8 2902 82 2970 mim
97 2927 163 2970 non
176 2917 283 2994 potest
296 2901 376 2984 lieri,
400 2901 462 2994 nisi
477 2900 571 2995 prius
587 2917 720 2999 aecepto
735 2902 862 2996 Spiritu
876 2921 999 2974 sancto.
1026 2911 1095 2977 Ne-

8 3011 83 3052 :esse
98 2989 146 3053 'est
159 2973 263 3075 igituir
278 2986 460 3069 defendere,
484 2987 573 3086 quod
591 2985 766 3087 promissio
776 2985 899 3056 Christi
914 2992 1098 3064 necessaria

8 3069 47 3137 tit.
77 3074 121 3137 Ar
139 3067 217 3138 haec
230 3095 297 3138 non
311 3075 498 3164 potest‘accr
524 3070 553 3154 i,
576 3071 645 3160 nisi⁴
659 3071 733 3140 fide.
761 3075 874 3165 Itaque
915 3073 950 3141 ui
965 3083 1095 3167 negant,
1107 3119 1120 3142 «.

8 3155 95 3253 idem
110 3154 301 3252 justificare,
324 3153 409 3228 nihil
424 3155 488 3224 nisi
499 3097 610 3245 legem
626 3155 751 3226 abolito
768 3097 949 3247 Evangelio
965 3178 998 3230 et
1011 3163 1094 3232 abo-
1176 3217 1179 3222 .

7 3256 55 3308 rto
71 3237 204 3308 Cbrrsto
224 3238 347 3310 docent.
408 3289 415 3296 a
832 3291 835 3294 -
1037 3248 1040 3256 ’
1207 3313 1211 3322 ,

78 3323 144 3392 Sed
165 3322 314 3392 nonnulli
330 3323 495 3407 fortassis,
518 3327 593 3394 cum
609 3321 751 3410 dicitur,
776 3322 865 3426 quod
880 3325 958 3398 fides
973 3331 1094 3421 jpstifia
1120 3379 1127 3391 ι

8 3406 265 3508 ριῃίιιιοΙΙῐςιιηι
279 3407 319 3504 de
335 3406 516 3562 principio,
538 3407 719 3562 qpodfides
732 3409 784 3508 sit·
791 3409 924 3509 mitium
936 3414 1095 3506 justifica-

8 3518 102 3574 roms,
125 3517 182 3562 seu
197 3509 403 3588 praeparatio
419 3519 437 3562 a
473 3495 554 3585 jusu
575 3511 753 3578 sationem,
774 3507 820 3578 uta
833 3511 870 3566 ut
883 3523 951 3570 non
964 3497 1008 3568 sit
1023 3501 1095 3599 ipsa

8 3579 71 3648 ides
94 3575 190 3660 illud,
209 3604 275 3672 quo
291 3603 362 3648 acce
390 3578 413 3646 ti
426 3601 537 3647 sumus
552 3583 643 3670 Deo,
666 3577 724 3648 sed
738 3605 838 3674 opera
852 3606 936 3676 quae
951 3608 1095 3679 sequun-

8 3689 57 3760 ιιι..
105 3665 150 3732 Et
163 3661 345 3754 somniant,
363 3606 464 3732 ldem
480 3663 553 3734 ideo
568 3663 662 3732 valde
678 3662 806 3734 laudari
817 3689 838 3748 ,·
849 3667 927 3760 quia
942 3668 986 3738 sit
996 3675 1094 3772 prin-

8 3772 150 3842 aprum
183 3751 306 3840 Magna
329 3747 487 3818 enim-vis
512 3766 562 3818 est
584 3747 756 3854 principii,
788 3767 827 3820 ut
850 3750 949 3843 uulgo
971 3756 1094 3842 ducunt,

8 3831 75 3922 ἰρχὴ
96 3827 199 3920 ἥμισυ
219 3827 368 3926 nonde,
382 3849 418 3902 ut
431 3833 459 3902 si
472 3831 666 3926 quisdicat,
677 3873 679 3876 ·
690 3834 779 3928 quod
797 3837 1019 3912 Grammatica
1041 3844 1106 3912 ef·-

8 3916 79 3986 i'ciat
96 3917 242 3986 omnium
257 3917 378 4006 artium
399 3919 564 4002 doctores,
597 3917 674 4014 quia
712 3937 861 4014 raeparet
876 3923 920 3994 ad
941 3923 1022 3996 alias
1037 3954 1099 3998 ar-.

8 4026 55 4083 es,
78 4001 207 4078 etiamsi
219 4027 278 4072 sua
295 4028 457 4098 quemque
473 4026 526 4072 ars
542 4029 616 4090 vere
680 4003 688 4018 “
712 4029 782 4074 cem
799 4005 906 4082 efficit.
948 4012 1025 4082 Non
1045 4007 1101 4082 sie'

8 4113 29 4155 e
47 4085 111 4154 fide
128 4085 297 4178 sentimus,
320 4089 378 4158 sed
392 4086 454 4170 hoc
471 4085 687 4172 defendimus,
710 4087 801 4183 quod
817 4092 950 4192 proprie
965 4119 1004 4166 ac
1017 4123 1092 4168 vere

8 4195 59 4272 psa
77 4170 141 4266 lide
152 4186 293 4330 Empti-r·
300 4171 469 4272 Christum
483 4171 571 4272 justi·
581 4182 787 4269 reputemur,
810 4200 868 4244 seu
881 4180 1004 4275 accepti
1018 4185 1091 4250 Deo

8 4279 103 4328 umus.
147 4299 149 4304 ·
187 4257 701 4358 tqurajustufioarisrgmdcatex
719 4258 971 4360 injustisjustos
992 4265 1089 4354 effici,
1131 4311 1132 4314 =
1182 4278 1185 4286 '
