2610 4892
164 305 298 457 ‘aaa
379 311 438 324 ’”
520 321 986 444 ,αιωιιῑεωμηιῇω
1043 323 1056 336 ’
1140 324 1146 336 ’

205 527 381 594 Caeterum
395 521 527 594 salvum,
538 522 608 594 lieri
625 524 746 611 scimus
758 521 841 592 nibil
858 522 950 594 aliud
968 544 1049 610 esse,
1072 550 1164 622 quam
1178 549 1194 595 a
1202 552 1264 629 pcc-

116 653 118 658 ·
202 609 416 702 tietmarus
437 627 469 680 et
493 609 629 679 Diaboli
653 609 826 712 tyrannide
854 607 1007 695 liberari,
1035 611 1072 680 in
1097 612 1211 682 Christi
1228 639 1265 680 re-

202 721 307 798 gnum
322 694 453 777 deferri,
476 717 513 764 ac
527 707 600 763 cuin
616 719 655 763 co
672 695 892 764 immortalem
906 695 1009 766 vitam
1026 719 1129 800 agere.
1167 701 1209 766 Ex
1225 696 1267 766 boc

174 781 177 794 '
203 798 402 851 iterumnon
418 779 553 848 obscure
567 779 740 878 perspicis,
770 778 890 874 quanti
897 790 1054 850 mmienn
1072 807 1108 851 ac
1122 780 1209 876 pretii
1221 783 1267 848 lia-

84 893 92 902 ·
174 931 176 936 ,
201 863 523 973 ptismusbabendus
544 865 606 945 sit,
628 864 661 931 in
677 888 743 958 quo
758 879 825 932 tam
839 865 1139 949 inaestimabilem,
1166 881 1265 960 tamque

202 949 402 1023 ineffabilem
421 949 605 1030 thesaurum
626 949 864 1044 consequimur.
887 949 1090 1045 Atquoboc
1106 949 1203 1046 ipsum
1217 949 1267 1018 sul·

203 1036 352 1106 sicienter
364 1032 493 1116 indicat,
516 1034 722 1134 baptismum
736 1033 840 1102 solani
858 1059 897 1104 ac
912 1035 1093 1130 simplicem
1111 1061 1219 1131 aquam
1233 1060 1268 1102 cs-

82 1167 85 1174 ,
109 1149 118 1170 ²
197 1148 237 1192 se
258 1146 324 1190 non
344 1144 448 1213 posse.
503 1119 588 1222 Ejus
611 1117 852 1188 enimairtatis
876 1120 1011 1213 simplex
1035 1145 1124 1216 aqua
1147 1145 1209 1190 esse
1223 1143 1268 1188 noi

118 1231 120 1238 ’
227 1222 328 1286 otest,
361 1231 473 1274 veriam
502 1229 668 1274 enimvero
693 1203 755 1272 Dei
784 1205 920 1273 verbum
948 1205 1044 1287 iacit,
1074 1222 1143 1274 tum
1173 1205 1268 1299 qnod‘)

202 1233 368 1384 ltitsupra
388 1288 544 1377 diximus)
568 1287 629 1356 Dei
645 1313 763 1363 nomen
790 1289 824 1356 in
839 1289 904 1374 illo
919 1288 970 1359 sit.
1020 1295 1096 1359 Jam
1117 1292 1269 1383 ubicunque

201 1375 264 1448 Ilei
274 1399 394 1445 nomen
409 1391 479 1457 est,
502 1374 548 1443 ibi
565 1366 663 1442 vitani
682 1399 814 1468 quoque
829 1391 861 1443 et
876 1375 1268 1444 summamlelicitatemcs·

170 1464 173 1472 ’
202 1487 236 1531 se
251 1475 377 1529 nc‘cessc
393 1464 458 1541 cst,
482 1475 601 1528 utnon
626 1457 746 1550 injuria
770 1458 894 1544 divina,
924 1461 1038 1542 beata,
1065 1460 1235 1540 sumtuosa,
1250 1473 1269 1524 tt

202 1545 309 1618 omnis
328 1544 450 1637 gnidae
464 1542 561 1642 plena
577 1542 744 1638 aquadici
766 1543 881 1642 possit.
923 1547 1056 1614 Etenim
1082 1546 1174 1614 verbi
1194 1541 1269 1630 divini

200 1631 380 1702 accessione
396 1654 468 1698 eam
483 1640 636 1698 virtutem
654 1631 878 1720 consequitur,
908 1646 946 1698 ut
961 1633 1103 1718 λσῦτρον
1118 1637 1269 1716 notqpoe

200 1720 293 1797 aloc,
331 1715 496 1783 lavacrum
518 1710 773 1806 regenerationis
798 1712 858 1797 sit,
888 1710 984 1784 sicuti
1003 1715 1156 1786 nominat
1176 1713 1269 1784 Paulis

199 1804 242 1872 ad
256 1800 370 1872 'l'ituin
393 1800 498 1867 tertio.

176 1885 180 1900 '
238 1927 240 1934 ι
286 1878 385 1974 Quod
400 1899 507 1962 autern
523 1880 667 1950 nasutuli
691 1881 794 1952 nostri
817 1880 1032 1976 μωρόσοῳοι,
1062 1885 1142 1954 nori
1158 1885 1203 1953 illi
1223 1881 1270 1975 spi-

198 1970 300 2053 ritus,
322 1967 530 2060 superciliose
546 1967 724 2036 admodum
744 1965 956 2059 fabulantur,
980 1971 1077 2038 lidem
1093 1971 1199 2040 solam
1214 1993 1269 2046 esse,

106 2063 113 2138 J
201 2079 285 2151 quae
305 2054 411 2124 salvos
432 2051 549 2131 iaciat,
580 2075 679 2144 opera
699 2068 824 2121 reroct
849 2078 900 2122 res
923 2072 1068 2124 artemas
1092 2057 1137 2124 ad
1162 2057 1270 2124 salutem

199 2139 460 2232 consequendam
478 2135 563 2204 nibil
600 2153 739 2226 raestare
754 2151 811 2204 aut
836 2137 969 2219 lacere,
989 2142 1192 2234 respondeo,
1218 2161 1271 2205 saue

199 2225 233 2295 in
250 2223 346 2294 nobis
363 2220 444 2291 nibil
460 2221 551 2290 aliud
568 2162 744 2292 liceretur
761 2222 890 2316 operari
906 2224 1053 2305 salutem,
1075 2251 1175 2320 quam
1188 2225 1270 2318 fidon,

70 2370 78 2396 ,
224 2335 263 2378 ua
281 2311 319 2379 de
336 2335 370 2376 re
385 2333 458 2388 mox
477 2306 565 2375 infra
581 2305 687 2374 latius.
730 2311 773 2377 At
798 2305 831 2373 ui
859 2305 920 2376 boc
943 2333 1115 2378 coecorum
1134 2313 1270 2380 ducesvi·

193 2338 273 2464 dere
289 2393 424 2475 nolunt,
444 2391 542 2462 lidcm
563 2392 745 2486 necessario
762 2331 890 2486 aliquid
909 2389 1045 2474 babere,
1070 2397 1163 2486 quod
1178 2395 1269 2470 credat,

149 2553 150 2568 ,
198 2480 339 2561 hocest,
360 2475 604 2558 cuiinnitatur,
627 2492 659 2545 et
699 2501 738 2544 ua
752 2501 788 2544 re
805 2476 943 2550 sulfulta
958 2479 1119 2572 persistat.
1162 2479 1271 2570 Itajan

198 2567 278 2634 fides
305 2569 408 2658 aquae
425 2561 597 2643 adhaeret,
624 2503 697 2630 cred
1174 2564 1182 2581 ’

198 2673 288 2718 mera
309 2646 477 2716 beatitudo
499 2663 533 2714 et
547 2646 614 2715 vita
640 2663 702 2714 est:
731 2669 798 2714 non
815 2671 920 2738 aquae
941 2647 1076 2730 virtute,
1099 2657 1155 2735 (ut
1168 2647 1270 2718 abunde

197 2736 318 2804 dictum
337 2747 397 2818 est}
409 2795 410 2799 ,
421 2732 481 2800 sed
492 2753 555 2833 per
569 2729 654 2814 hoc,
677 2731 765 2826 quod
781 2733 970 2824 Baptismus
984 2734 1082 2802 verbo
1105 2751 1140 2805 et
1161 2735 1270 2806 ordina-

197 2819 285 2906 tione
310 2816 420 2886 divina
445 2833 554 2884 unitus
584 2816 850 2908 eticonfirmatus
882 2832 948 2896 est,
971 2829 973 2836 '
993 2821 1145 2912 ejusque,
1164 2820 1270 2890 nomine

195 2902 398 2976 nobilitatus.
439 2906 516 2969 dam
540 2899 618 2970 baec
640 2901 790 2983 credens,
836 2901 996 2970 uideliud
1016 2925 1117 2996 quam
1135 2909 1169 2972 in
1187 2910 1269 2971 Dein

197 2990 310 3070 credo,
333 2985 413 3057 etin
436 3011 530 3069 eom,
562 2988 741 3078 quiscum
765 2925 902 3056 vellium
922 2987 1094 3080 baptismo
1117 2988 1232 3057 indidit
1250 2999 1269 3052 et

196 3071 356 3156 inseruit,
372 3073 521 3140 ac‘i‘iobis
545 3087 692 3140 externas
716 3095 767 3138 res
787 3072 963 3166 proponit,
992 3071 1027 3140 in
1048 3075 1170 3168 quibus
1187 3087 1270 3143 tante-

195 3185 272 3230 runi
288 3183 395 3225 rerum
411 3154 601 3226 thesaurum
616 3154 888 3256 comprehendere¹
907 3165 1087 3250 queamus?

145 3253 148 3260 '
254 3272 258 3283 ·
278 3248 356 3311 Jam
373 3267 476 3335 usque
492 3243 571 3310 adeo
587 3240 756 3310 insaniunt
771 3241 850 3332 nori
863 3240 915 3312 illi
935 3267 951 3311 s
976 3242 1088 3323 irinis,
1110 3243 1269 3342 utdisjua·

133 3347 135 3360 '
197 3353 272 3418 gere
288 3352 353 3395 non
368 3342 539 3400 vereantur
554 3325 668 3408 iidem,
701 3341 834 3408 etitem,
863 3329 916 3394 cui
951 3329 1018 3400 ides
1037 3326 1233 3400 adhaerescit
1249 3337 1269 3390 et

196 3411 330 3502 alligata
347 3427 416 3490 est,
440 3412 568 3480 tametsi
593 3425 724 3481 externa
745 3413 796 3479 sit.
847 3413 972 3480 Verum
998 3411 1075 3481 baec
1097 3425 1165 3482 non
1186 3423 1269 3506 potest

194 3517 262 3567 non
279 3513 406 3565 externa
426 3515 515 3578 esse,
535 3509 572 3564 ut
586 3495 733 3564 sensibus
770 3492 871 3590 arcipi
886 3513 918 3566 ct
931 3519 1001 3564 coni
1028 3496 1163 3566 rehendi
1176 3493 1267 3590 possit,

195 3597 293 3678 atque
317 3579 366 3652 ita
388 3579 539 3675 deinceps
568 3579 681 3650 animo
711 3521 840 3668 inbgi,
874 3581 1152 3672 quemamodum
1183 3595 1267 3650 totum

178 3664 416 3754 *Evangelium
432 3680 563 3734 externa
610 3664 747 3736 uaedam
763 3679 795 3734 et
814 3665 994 3758 corporalis
1011 3681 1059 3735 est
1080 3662 1266 3761 praedicatio.

194 3754 237 3824 Iu'
251 3771 400 3848 summa,
421 3748 588 3852 quidquid
635 3775 691 3821 eus
706 3749 741 3818 in
762 3747 857 3818 nobis
872 3750 950 3821 facit
969 3768 1000 3821 et
1024 3768 1190 3844 operatur,
1210 3765 1266 3846 taq-

193 3852 265 3907 tum
278 3851 417 3904 exterms
432 3834 618 3904 istiusmodi
634 3835 730 3903 rebus
744 3849 775 3904 et
794 3833 1080 3909 constitutionibus
1139 3833 1215 3906 erari
1228 3832 1266 3900 di-

194 3936 323 4011 gnator.
373 3920 568 4017 Ubicunque
595 3921 660 3988 ‘am
682 3919 845 4016 loquitur,
873 3922 940 3990 imo
964 3915 1087 4014 potius
1181 3937 1265 4010 unque

131 4071 136 4078 .
193 4021 250 4076 aut
287 4031 324 4074 er
342 4015 567 4100 quemcunque
591 3945 716 4074 locutus
737 4003 855 4087 luerit,
876 4023 921 4076 ¹to
942 4005 1017 4074 lidei
1034 4005 1068 4073 d'
1183 4003 1265 4070 isunt

193 4029 693 4184 ocull‚eiqueadhaerend11m.
735 4091 1028 4162 Jamhidrcrbuui
1043 4095 1094 4160 De
1135 4097 1148 4110 ''
1169 4109 1263 4182 proii-

191 4174 428 4266 cutnbemusz
467 4173 539 4262 Qui
554 4173 735 4254 terediderit
759 4190 791 4244 ei
814 4175 998 4278 baptizatus
1023 4174 1141 4262 luerit,
1175 4170 1261 4242 satu

140 4337 146 4350 ,
225 4276 796 4354 ‘l'titiiiquodJLutbccutznnddaen
836 4296 870 4310 ·¹
928 4280 935 4309 *
1029 4285 1033 4291 '

700 2561 790 2654 itque
812 2562 1019 2654 Baptismum
1043 2589 1133 2647 esse,
1171 2583 1279 2656 inquo·
