2750 4902
184 622 189 637 Ι

156 1083 158 1094 ι
201 1036 401 1106 adversarios
416 1031 535 1102 Missae
551 1035 675 1124 majore
693 1031 847 1124 religione

89 1203 95 1212 ’
203 1225 292 1271 mam
311 1200 480 1297 querelam
495 1201 641 1270 omnium
656 1197 819 1272 bonorum
835 1221 981 1270 virorum
996 1195 1054 1267 diu
1069 1198 1187 1282 fuisso,
1217 1202 1321 1355 tppod
1336 1151 1339 1196 l

123 407 132 420 ,
191 344 241 458 alp
613 339 918 430 ¹·Confessio=„

192 523 355 600 blicamm
371 507 635 594 ceremoniarum.
668 518 763 594 Nulli
779 521 868 594 enim
879 511 1105 605 admittuntur,
1127 521 1192 590 nisi
1206 522 1332 602 anteal

175 609 365 706 ‘explorati
407 609 633 676 Admonentur
648 608 744 678 etiam
760 608 907 677 homines
935 607 975 677 de
1000 605 1161 706 dignitate
1184 621 1217 676 et
1241 612 1333 705 useel

124 729 133 786 χ
159 713 163 738 ¹
197 693 416 772 sacramenti,
439 709 594 787 quantam
609 692 867 764 consolationem
890 691 1008 760 alferat
1026 692 1154 784 pavidis
1176 703 1334 784 musci-t

198 779 314 862 eutiis,
342 795 378 848 ut
392 777 517 846 discant
531 781 603 844 Deo
622 780 769 861 credere,
791 793 822 847 et
837 775 948 848 omnia
968 777 1055 844 bona
1070 800 1090 844 a
1106 781 1180 844 Deo
1192 807 1195 814 ·
1205 792 1335 868 expe-t

64 935 67 948 ,
177 946 181 956 .
200 884 284 938 ctare
300 880 331 934 et
345 879 467 967 petere.
509 861 570 932 Hic
586 861 690 932 cultus
708 861 845 932 delectat
857 866 978 943 Deum,
1002 859 1077 930 talis
1090 884 1168 934 usus
1183 864 1318 930 Sacra·
1335 884 1336 930 l

200 948 303 1019 menti
317 949 374 1047 alit
389 962 540 1041 pietatem
557 963 639 1036 erga*
649 953 770 1016 Deum.
815 952 935 1100 ltapue·
951 969 1019 1014 non
1042 945 1199 1097 videntup‘
1216 946 1320 1040 apud
1336 974 1337 1012 i

259 1147 263 1156 “
289 1120 426 1186 Constat
446 1121 553 1186 autem
575 1116 659 1186 hanc
679 1141 809 1210 quoque
836 1053 1172 1216 puliliiiiiiillealnlciiigue
1195 1051 1338 1184 illirici-l

202 1287 323 1359 Missae
336 1284 475 1382 turpiter
488 1285 757 1380 profanarentur,
791 1285 926 1354 collatae
947 1285 989 1354 ad
1014 1286 1211 1380 quaestum'
1279 1312 1318 1354 e-
1340 1336 1341 1359 r

205 1399 270 1468 que
286 1368 374 1442 enim
390 1371 562 1440 obscurum
577 1388 635 1451 est,
659 1395 758 1466 quam
775 1367 841 1438 late
853 1385 963 1467 pateat
975 1367 1030 1437 bic
1041 1368 1162 1438 abusus
1179 1369 1215 1438 in
1233 1393 1318 1450 oin-
1341 1428 1342 1466 ,

188 1454 460 1550 'nibustemplim
486 1479 505 1524 a
523 1449 676 1549 qualibus
697 1453 899 1524 celebrentur
913 1456 1056 1536 Missae,
1068 1449 1210 1552 'tantum
1225 1455 1317 1548 pro·
1342 1518 1343 1548 ,

206 1559 279 1639 pter
295 1539 474 1610 mercedem
489 1559 547 1610 aut
560 1539 780 1634 stipendium,
802 1563 900 1634 quam
913 1538 1011 1614 inulti
1036 1554 1148 1608 contra
1164 1541 1318 1608 interdi-
1343 1607 1344 1618 ,

205 1643 292 1696 ctum
316 1628 487 1696 Canonum
513 1622 682 1694 celebrent.
726 1623 850 1692 Paulus
872 1640 979 1692 autem
1001 1624 1142 1713 graviter
1163 1619 1320 1716 minatur
1343 1625 1344 1690 Ϊ

205 1709 276 1796 his',
304 1710 360 1806 qui
375 1708 506 1800 indigne
520 1725 657 1780 tractant
671 1706 934 1792 Eucharistiam,
955 1733 1029 1778 cum
1044 1706 1111 1777 aits
1141 1707 1211 1795 Qui
1229 1709 1318 1778 ede·
1344 1753 1345 1760 .

205 1797 251 1869 rit
265 1819 383 1892 panem
398 1792 501 1876 hunc,
522 1811 580 1862 aut
594 1793 716 1863 biberit
740 1792 875 1864 calicem
896 1792 1032 1863 Domini
1052 1792 1202 1884 indigne,
1233 1821 1319 1863 rcus
1345 1795 1346 1830 ³

208 1881 270 1952 erit
282 1877 427 1974 corporis
441 1894 472 1946 et
484 1903 541 1947 san
566 1877 651 1948 uinis
662 1877 810 1948 Domini.
852 1884 967 1976 Itaque
982 1903 1057 1948 cum
1072 1879 1160 1972 apud
1172 1901 1236 1947 nos
1251 1880 1320 1948 ad-

208 1979 416 2036 monerentur
438 1904 762 2042 Sacerdotesdeboe
776 1981 925 2058 peccato,
957 1962 1123 2032 desierunt
1140 1963 1231 2062 apud
1249 1989 1320 2034 nos

160 2081 162 2086 ¹
207 2049 354 2148 privatae
371 2045 511 2132 Missae,
534 2073 608 2119 cuin
620 2047 689 2130 fere
703 2047 817 2118 nullae
829 2048 974 2146 privatae
988 2047 1110 2118 Missae
1126 2073 1191 2118 nisi
1205 2073 1320 2142 quae-

195 2153 277 2212 ,stus
295 2157 391 2204 causa
405 2134 531 2202 fierent.

184 2487 189 2494 '
211 2499 349 2574 serpere.
392 2477 491 2542 Nunc
506 2475 753 2570 seroincipiunt
768 2474 862 2568 queri

269 2303 277 2318 ι
293 2225 409 2312 Neque
426 2217 657 2317 ignoraverunt
669 2219 729 2296 hos
745 2219 864 2288 abusus
881 2214 1055 2314 Episcopi,
1078 2218 1152 2320 qui,
1185 2217 1213 2316 si
1238 2245 1318 2290 cor-

117 2345 119 2350 ·
162 2361 165 2372 ,
209 2320 367 2374 rexissent
393 2328 448 2371 eos
470 2329 504 2370 in
528 2321 690 2406 tempore,
713 2303 823 2373 minus
848 2327 935 2374 nunc
959 2318 1041 2375 esset
1064 2303 1319 2372 dissensionum.

210 2395 315 2460 Antea
329 2411 388 2460 sua
403 2387 661 2459 dissimulatione
673 2390 779 2459 iiinlta
792 2389 871 2458 vitia
909 2387 973 2458 assi
990 2389 1115 2456 suntin
1129 2385 1320 2458 Ecclesiam

883 2413 923 2549 be
939 2469 1178 2542 calamitatibus
1189 2472 1337 2565 diocle-p

211 2583 298 2643 siae,
329 2585 401 2627 cum
423 2557 476 2626 hic
501 2559 657 2648 tumpltus
681 2557 905 2630 non‘aliunile
928 2557 1080 2626 sumserit
1100 2557 1320 2640 occasionem,

212 2667 312 2739 quam
329 2669 372 2710 ex·
380 2640 446 2710 illis
465 2642 638 2728 abusibus,
684 2643 718 2710 ui
733 2659 799 2712 tam
813 2633 980 2711 manifesti
995 2657 1105 2725 erant,
1127 2659 1166 2711 ut
1178 2640 1320 2712 tolerari

212 2724 363 2821 amplius
382 2750 449 2794 non
473 2743 628 2820 possent..
698 2752 801 2817 agnae
817 2727 1043 2812 vdissensiones
1063 2729 1102 2796 de
1126 2726 1250 2808 Missa,
1276 2729 1320 2798 de

158 2833 160 2838 ’
213 2817 422 2882 Sacramento
438 2811 620 2881 extiterunt.
664 2817 815 2882 Fortasse
832 2813 888 2881 dat
903 2832 1023 2907 poenas
1039 2811 1128 2882 orbis
1152 2827 1218 2880 tam
1238 2810 1320 2884 diu-

187 2913 329 2968 turnae
357 2895 594 2990 profanationis
618 2897 795 2966 Missarum
846 2921 945 2992 quain
968 2896 1004 2964 in
1020 2896 1172 2966 Ecclesiis
1196 2913 1246 2965 tot
1261 2921 1321 2967 se-

211 2979 298 3054 culis
313 2979 529 3051 toleraverunt
542 2981 608 3064 isti,
631 2981 688 3076 qui
703 3007 794 3051 emen
838 3007 873 3050 re
887 3000 919 3051 et
948 2998 1082 3062 ¹oterant
1093 2997 1127 3050 et
1144 2981 1323 3052 debebant.

213 3071 299 3136 Nam
323 3065 359 3134 in
370 3064 536 3166 Decalogo
556 3066 618 3136 scri
644 3083 779 3136 tumet:
823 3065 893 3154 Qui
951 3067 981 3136 ei
1002 3065 1136 3136 nomine
1156 3065 1322 3150 abutitur,

216 3177 285 3220 non
299 3150 360 3221 erit
373 3149 564 3244 impunitus.
639 3153 705 3220 tab
720 3151 815 3222 initio
830 3151 944 3220 mundi
959 3150 1053 3220 nulla
1069 3167 1131 3220 res
1141 3149 1253 3220 divina
1269 3150 1324 3222 ita

216 3235 345 3309 videtur
357 3259 505 3338 unquam
517 3239 560 3306 ad
575 3253 743 3332 quaestum
755 3235 877 3316 collata
893 3238 1010 3318 fuisse,
1040 3252 1076 3305 ut
1088 3235 1201 3305 Missa.

300 3323 442 3390 Accessit
459 3320 582 3414 opinio,
603 3347 686 3418 quae
700 3322 791 3390 auxit
801 3321 943 3422 privatas
958 3321 1076 3390 Missas
1090 3319 1126 3390 iii
1140 3319 1323 3406 inlinitum,

216 3403 366 3474 videlicet
381 3405 470 3497 quod
488 3405 638 3476 Christus
656 3431 716 3474 sua
731 3431 884 3498 passione
900 3405 1089 3475 satisfecerit
1109 3431 1170 3512 pro
1187 3425 1324 3500 peccato

217 3487 365 3590 originis,
385 3505 418 3557 et
429 3487 605 3561 instituerit
618 3491 766 3570 Missam,
787 3491 822 3558 in
837 3515 903 3584 qua
915 3493 1008 3559 lieret
1020 3490 1144 3560 oblatio
1158 3515 1219 3586 pro
1231 3516 1324 3585 quo-

216 3574 350 3643 tidianis
371 3572 517 3659 delictis,
556 3574 751 3645 mortalibus
781 3590 812 3643 et
832 3575 1024 3644 venialibus.
1062 3577 1154 3646 uine
1173 3578 1327 3646 manavit

135 3683 139 3692 ⁴
216 3657 350 3754 publica
368 3657 498 3751 opinio,
520 3661 610 3756 quod
623 3660 724 3730 Missa
739 3657 783 3729 sit
798 3685 880 3752 opus
896 3659 1155 3754 delens'peccata
1169 3660 1325 3731 vivorum

217 3759 251 3812 et
262 3759 521 3814 mortuorumex
539 3771 636 3840 opere
650 3759 794 3842 operato.
838 3744 899 3842 llic
917 3745 1067 3839 coeptum
1081 3763 1130 3815 cst
1144 3745 1324 3840 disputari,

217 3843 326 3900 utrum
348 3851 413 3896 una
441 3829 544 3899 Missa
571 3831 656 3900 dicta
686 3853 748 3924 pro
773 3825 943 3924 pluribus,
981 3832 1171 3900 tantundem
1200 3829 1324 3914 valeat,

218 3929 374 4005 quantum
391 3913 536 4003 singulae
573 3942 610 3985 ro
626 3913 777 4004 singulis.
797 3919 884 3984 Haec
899 3912 1075 4010 disputatio
1083 3913 1211 4012 peperit
1222 3914 1325 3984 istam

58 4055 62 4060 ,
217 3996 381 4066 infinitam
403 3999 645 4068 multitn'inem
657 3999 844 4076 Missaruni.

232 4163 240 4180 ι
301 4085 351 4150 De
365 4079 416 4181 bis
437 4083 654 4178 opinionibus*
672 4082 774 4154 nostri
797 4085 1056 4170 admonuerunt,
1080 4083 1170 4180 'quod
1190 4082 1324 4154 dissen-

218 4177 334 4233 namn
347 4167 514 4262 scripturis
528 4167 663 4249 sanctis,
693 4185 725 4238 et
738 4168 871 4239 laedant
883 4167 1025 4260 gloriam
1063 4169 1199 4240 assionis
1220 4169 1325 4240 Chri-

216 4248 268 4318 sti.
313 4253 397 4320 Nam
412 4254 519 4347 passio
537 4251 739 4348 Christi·fuit
753 4252 878 4326 oblatio
901 4270 936 4328 et
948 4253 1025 4327 satis
1042 4254 1142 4342 aetio,
1172 4275 1239 4326 non
1266 4279 1325 4326 so:
