2610 4900
760 133 769 164 l

269 201 274 230 l

213 335 287 410 320
394 347 403 359 ·
556 333 810 414 Catecbisrnus
826 339 959 436 majori
1012 325 1031 353 “’
1091 307 1094 314 ’

157 613 160 622 ¹
211 519 505 632 ¹misericordiam
521 526 559 596 in
574 522 778 617 mrllialriS,
805 529 871 628 qui
897 525 1054 630 diligunt
1080 551 1155 622 me,
1186 544 1273 600 etm-

213 625 595 734 etodiuntpraecepta
616 647 710 700 mea.
748 698 751 711 ,
942 633 946 646 “
1295 623 1297 642 ’

298 779 502 870 Quanquam
509 799 587 865 vero
596 774 676 846 baec
691 773 790 844 verba
799 774 1022 846 communiter
1034 775 1078 846 ad
1092 763 1198 848 omnia
1207 803 1273 871 prae·
1295 765 1297 896 l

213 876 308 957 cepta
336 861 506 930 reserenda
531 880 632 942 suntt
665 871 712 943 (ut
732 860 820 930 infra
841 861 1091 948 audiemus)·ea
1108 862 1273 948 tamcubuie

212 961 403 1054 praecepto,
427 943 516 1041 quod
531 945 671 1016 aliorum
686 947 842 1032 omnium·
852 965 951 1042 caput
966 961 1026 1029 est,
1034 947 1228 1040 peculiariter
1235 949 1272 1014 ad-

212 1045 297 1128 ‘pecta
314 1047 410 1114 sunt,
430 1056 494 1126 pro
519 1048 605 1103 terea
616 1032 705 1124 quod
715 1034 886 1124 permagni
901 1034 1081 1102 admodum
1094 1031 1220 1114 reserat,
1235 1031 1273 1098 bo-

211 1117 336 1188 minem
354 1133 480 1186 rectum
494 1054 617 1188 babere
635 1133 741 1211 caput,
765 1115 871 1186 Salvis
888 1117 977 1187 enirn
992 1119 1090 1188 rebus
1108 1117 1223 1211 capitis,
1240 1141 1273 1184 re-

212 1203 337 1300 liquam
352 1201 452 1271 etiam
470 1202 668 1274 vitam'bcne
693 1227 726 1270 se
748 1201 869 1273 babere
891 1225 1022 1274 necesse
1041 1218 1109 1286 est,
1139 1217 1273 1272 utcontra.

211 1294 289 1357 Jam
305 1312 382 1355 vero
400 1315 438 1356 ex
450 1285 504 1360 :bis
520 1285 630 1358 verbis
647 1286 813 1382 perdisce,
824 1358 825 1366 ,
836 1313 936 1382 quam
957 1286 1202 1383 implacabiliter
1215 1293 1273 1354 Ilus

208 1374 373 1444 irascatur
392 1372 451 1457 iis,
483 1372 615 1471 quirei
636 1372 780 1467 cuipiam
807 1391 900 1442 extra
923 1373 934 1442 i
960 1397 1034 1442 sum
1057 1373 1231 1454 confidunt,
1255 1385 1274 1438 et

210 1475 343 1559 eontra,
368 1475 490 1562 quanta
508 1460 682 1531 clementia
699 1473 733 1526 et
751 1458 920 1528 misericor
944 1483 976 1531 ra
1002 1483 1058 1528 eos
1085 1483 1162 1553 pros
1202 1473 1273 1558 uetur,

210 1545 309 1644 ‘quim
324 1547 389 1615 sole
405 1546 580 1616 totocorde
594 1544 699 1612 fidunt
710 1559 741 1612 et
754 1544 903 1624 credunt,
921 1545 1016 1628 adeo,
1025 1560 1062 1612 ut
1070 1544 1180 1614 iracun
1204 1563 1273 1610 ratu

210 1629 344 1700 nullum
359 1633 457 1702 linem
472 1629 571 1701 saciat
586 1627 752 1698 saeviendi
765 1628 800 1701 iu
817 1629 946 1699 tertiam
962 1645 995 1698 et
1009 1647 1165 1722 quartam*
1176 1649 1273 1720 genera·

176 1765 179 1769 -
209 1717 354 1798 tionem,
377 1733 409 1786 et
423 1741 572 1798 rursum,
594 1729 632 1782 ut
644 1737 704 1782 sua
718 1713 889 1786 clementia
904 1714 1017 1784 multis
1039 1713 1188 1785 millibus
1204 1713 1273 1782 bene

210 1802 321 1872 tacere
332 1827 398 1870 non
416 1801 557 1870 desinat:
580 1821 621 1868 ne
637 1814 704 1868 tam
720 1823 836 1870 securo
847 1799 1055 1870 ambulemus
1076 1799 1205 1888 animo,
1223 1793 1273 1864 nul·

100 1895 105 1912 ⁸
211 1885 279 1958 lam
293 1886 397 1954 nostri
414 1903 471 1956 aut
495 1884 613 1954 barum
636 1909 748 1954 rerum
768 1884 929 1954 rationem
948 1882 1127 1970 babentes,
1153 1881 1273 1979 quenad-

182 2026 186 2040 .
210 1970 347 2043 modum
365 1967 558 2065 impiailla,
579 1967 739 2064 planeque
758 1969 866 2040 serina
881 1970 980 2041 corda
1003 1969 1148 2057 cogitare
1172 1991 1273 2039 consue·

209 2065 344 2136 rerunt,
367 2057 489 2124 nonita
503 2054 791 2138 multumreierre,
816 2079 879 2150 qua
894 2056 1024 2125 ratione
1038 2055 1187 2125 vixerint.
1205 2055 1273 2144 Ejus

207 2137 304 2210 modi
319 2143 410 2212 Deus
427 2157 503 2224 est,
522 2140 597 2234 qui,
617 2140 647 2208 si
664 2139 705 2209 ab
728 2163 767 2210 eo
789 2141 991 2221 discedatur,
1023 2140 1170 2223 inultum
1189 2140 1219 2206 id
1234 2157 1273 2203 nou

220 2223 347 2308 autur,
370 2251 477 2324 neque
491 2227 626 2296 modum
640 2241 698 2294 aut
711 2225 809 2310 finem
824 2225 986 2312 irascendi
1001 2227 1137 2311 statuit,
1158 2226 1191 2294 in
1204 2245 1273 2316 quar·

243 2332 278 2380 m
294 2335 398 2409 usque
418 2311 677 2406 generationem,
709 2311 813 2380 donec
836 2334 949 2381 omnes
970 2310 1122 2380 funditus
1143 2312 1273 2411 extirpen-

207 2405 299 2552 l'udb
317 2397 546 2498 Quamobrem
570 2395 641 2466 vult
666 2421 740 2472 esse
755 2395 1036 2480 formidini,·‚nou
1059 2403 1273 2468 contemnant

206 2507 363 2553 uarro.
481 2540 483 2556 .
596 2499 599 2508 ⁴
819 2519 823 2536 ¹
945 2499 1019 2536 '²·

208 2599 212 2612 ,
294 2570 367 2640 Hoc
381 2563 491 2662 ipsum
506 2565 621 2636 multis
634 2567 734 2638 etiarn
749 2565 897 2638 historiis
912 2565 1026 2638 stillis
1039 2563 1273 2638 memorabilibu

113 2703 116 2710 .
208 2651 337 2722 abunde
371 2667 525 2728 testatum
549 2653 643 2734 iecit,
679 2657 770 2743 cujus
794 2652 842 2721 rei
872 2654 970 2729 nobis
995 2654 1123 2748 passim
1147 2651 1271 2746 scriptun

208 2736 286 2808 facit
301 2737 480 2820 indicium,
504 2753 602 2832 atque
621 2740 800 2806 etiamnum
816 2737 852 2806 id
876 2737 997 2832 ipsum,
1010 2737 1046 2807 in
1071 2733 1272 2836 diessingultt

233 2822 410 2912 uotidianis
425 2815 649 2917 experimentis
668 2821 959 2892 verissimumesse
985 2823 1152 2892 discimus.
1190 2827 1272 2914 siqu·

208 2847 284 2978 dem
298 2911 367 3000 jam
382 2906 459 2976 inde
475 2908 516 2978 ab
532 2907 630 2976 initio
645 2930 777 2978 omnem
790 2906 1017 2980 idololatriam
1035 2908 1188 2996 funditus
1204 2903 1272 2976 ertit·

232 2994 316 3078 avit,
339 2991 506 3088 bujusque
520 2991 623 3083 gratia
639 3017 713 3061 cum
728 3008 858 3092 gentes,
882 3009 953 3062 tum
964 2993 1128 3078 ‘Judaeoa
1149 2993 1224 3062 sicut
1236 2986 1272 3056 ad·

205 3015 272 3150 bne
288 3075 387 3170 bodie
402 3103 535 3148 omnem
549 3077 753 3153 salsumle
766 3076 891 3150 cultum
904 3079 1042 3161 evertit,
1064 3097 1103 3149 ut
1120 3079 1212 3174 plane
1224 3099 1271 3145 om·

205 3165 305 3236 nibus
323 3167 357 3232 in
374 3187 411 3234 ea
425 3163 694 3258 permanentibus
719 3165 995 3235 succumbendum
1019 3165 1070 3234 sit.
1124 3161 1271 3252 Quocirca

205 3249 335 3325 tametsi
351 3265 420 3318 tam
435 3249 559 3318 seroces
576 3263 608 3317 ct
654 3263 777 3342 etentes
800 3248 1009 3318 inveniantur
1034 3245 1239 3344 Sardanapali
1254 3255 1272 3307 et

205 3333 417 3415 Pbalarides‚
443 3334 499 3428 qui
513 3334 603 3427 ipsos
647 3351 736 3402 crsas
750 3333 873 3402 divitiis
889 3353 1055 3429 superant,
1078 3336 1197 3429 quibus
1209 3351 1271 3418 secuy

205 3443 242 3490 re
256 3418 333 3490 freti
346 3441 463 3511 parum
479 3433 609 3500 curant,
631 3416 831 3487 irascaturne
846 3444 887 3488 an
906 3419 1051 3490 arrideat
1060 3427 1172 3502 Deus,
1192 3433 1222 3486 ut
1235 3433 1271 3506 qu

203 3505 289 3574 iram
309 3501 389 3594 ejus‘
398 3505 555 3572 sustinere
572 3527 606 3572 se
623 3527 720 3598 posse
733 3505 911 3587 confidant;
944 3521 1054 3574 tamen
1076 3507 1203 3576 tandem
1221 3514 1273 3594 ptr*

174 3637 177 3642 -
204 3589 324 3658 niciam
340 3612 408 3656 non
426 3587 597 3679 effugient,
621 3589 678 3658 sed
695 3587 890 3660 dictocitius
904 3607 935 3660 et
946 3589 1271 3684 praetcromniumen

204 3672 422 3770 peccationem
443 3699 517 3744 cunr
542 3688 609 3742 tota
629 3697 690 3741 sua
709 3697 850 3768 pompa,
880 3676 932 3744 eui
953 3676 1095 3744 fidebant
1119 3691 1272 3770 perperenis

203 3782 337 3856 pessum
351 3757 469 3844 ibunt,
492 3756 585 3828 velut
603 3781 716 3827 omnes
735 3775 879 3829 caeteros
901 3759 1038 3854 periisse
1054 3756 1214 3839 videmus,
1232 3769 1271 3843 (11¹¹

201 3843 326 3996 majpri
345 3843 422 3914 freti
435 3842 583 3940 potentia
599 3838 634 3912 in
649 3844 829 3928 utramvis,
859 3847 947 3940 quod
964 3846 1076 3938 ajunt,
1093 3869 1202 3916 aurem
1216 3840 1273 3909 tu-

202 3951 268 4000 m1e
292 3944 358 3997 ant.
1012 3937 1014 3944 '

287 3999 333 4084 El
349 4012 391 4082 ob
411 4011 470 4082 bos
484 4011 574 4108 ipsos
588 4011 690 4084 duros
702 4027 735 4084 et
747 4011 950 4111 praefractos
966 4011 1134 4099 homiues,
1159 4009 1209 4110 qui
1224 4003 1273 4078 erid

202 4095 355 4181 stimant,
376 4102 505 4197 Deum²
534 4097 826 4252 quiaoadtempus
848 4115 1019 4180 connivet,
1048 4125 1167 4193 eosque
1188 4112 1271 4181 secure

202 4207 263 4252 sua
276 4180 423 4278 potentia
439 4181 507 4252 seur
520 4180 704 4276 permrttit,
726 4209 764 4252 ve
795 4185 947 4274 ignarum
960 4183 1058 4278 plane
1083 4209 1151 4254 esse
1162 4191 1270 4274 istrum

202 4285 331 4353 rerunt,
355 4267 406 4340 vel
430 4291 549 4360 earum
565 4293 642 4342 curu
664 4268 861 4370 uenalici,
895 4285 984 4342 tanta
1006 4270 1270 4342 neceesariouttw
