2610 4900
172 451 174 458 Α
227 365 305 444 388
570 349 831 441 ..eructemus
843 345 983 466 major.

232 543 443 643 soloSpiritu
465 556 576 615 sancto
601 531 761 616 t'radenda
784 558 818 616 et
835 543 981 616 docende
999 558 1058 616 est.
1088 550 1179 623 ‘Ean
1194 544 1230 615 ob
1243 567 1291 612 rur

226 649 478 732 praeceptorum
504 629 653 700 doctrina
673 632 820 700 nondum
847 630 954 698 ullum
983 625 1291 710 Christianum'larit,

73 759 80 790 ι
233 743 364 814 semper
393 716 480 785 euim
511 713 575 784 Dei
600 715 650 784 ira
678 732 777 808 atque
808 714 991 806 indignatio
1030 714 1290 792 nobis‘incumhit,

113 811 117 830 '
231 802 394 900 quamdiu
417 824 545 870 servare
568 799 764 892 nequimus,
794 802 884 896 quod
904 805 995 882 Deus
1016 802 1194 895 praeceptis
1214 799 1291 868 suisa

147 947 150 952 Α
178 945 184 964 ,
233 887 328 960 nobis
346 884 456 977 exigit.
479 887 584 954 'llaec
598 910 687 967 vero,
708 911 827 982 nempe
849 885 926 954 fidei
940 885 1098 968 doctrina,
1120 907 1292 974 mererngra-

235 973 314 1056 tiam
335 994 444 1042 secum
465 980 631 1064 apportat,
664 986 696 1040 et
718 969 798 1040 baec
822 969 930 1059 ,justos
949 976 1088 1064 Deoque
1110 995 1170 1040 nos
1185 985 1292 1062 acceptus

234 1057 321 1128 sarit.
348 1061 413 1126 Per
430 1054 530 1148 hujus
547 1053 711 1124 doctrinae
727 1054 949 1145 cognitionem
964 1079 1113 1129 amorem
1129 1080 1165 1126 ac
1179 1053 1292 1148 volupta-

235 1159 302 1230 tem
315 1140 379 1211 Dei
398 1165 512 1235 praece
535 1156 646 1210 torum
667 1138 895 1226 faciendorum
918 1165 1013 1219 conse
1039 1139 1170 1221 uimur,
1190 1137 1293 1206 ridente

235 1223 308 1312 bic,
330 1225 497 1320 quomodo
512 1166 602 1296 bees
614 1232 749 1320 prorsus
764 1249 798 1293 se
817 1223 915 1296 nobis
939 1165 1110 1300 trediilerit
1124 1251 1197 1295 cum
1218 1221 1292 1320 omri·

234 1311 317 1395 bus,
338 1335 421 1406 quae
433 1311 594 1404 possidet,
617 1326 654 1379 ut
670 1309 833 1402 praesenti
848 1335 910 1403 ope
928 1324 960 1379 et
971 1309 1096 1380 auxilio
1110 1309 1148 1378 in
1162 1310 1298 1412 perlicere,

227 1396 287 1473 ¹(lis
309 1395 489 1491 praeceptis
506 1419 571 1466 nos
597 1394 762 1476 sublevet,
800 1399 901 1465 Pater.
926 1395 1060 1489 quidem
1089 1395 1298 1473 omnibusne

228 1480 409 1562 creaturis,
434 1479 584 1549 Christus
597 1505 675 1550 vero
695 1479 851 1549 omnibus
866 1479 970 1548 suiso
996 1475 1128 1562 eribus,
1159 1487 1298 1574 porcean-²

231 1583 303 1638 tem
320 1564 463 1662 Spiritus
480 1580 610 1634 sanetus
632 1565 784 1634 omnibus
806 1562 875 1634 suis
900 1505 1042 1648 dotibus.
1096 1569 1187 1636 Haec
1221 1563 1292 1658 uider

178 1673 182 1678 '
229 1651 270 1721 in
289 1649 474 1746 praesentia
497 1649 537 1718 de
559 1649 643 1732 fide,
673 1648 956 1742 fundamenti'pro
977 1648 1184 1744 simplicibus
1202 1591 1292 1718 locant

234 1739 357 1828 gratia,
382 1736 465 1820 dicta
481 1734 659 1816 sufficiant,
684 1735 922 1824 neobruantnr
937 1733 1162 1818 multitudinc,·
1183 1749 1217 1805 ut
1230 1733 1292 1830 hujus

209 1871 215 1884 .
233 1825 283 1890 rei
299 1820 462 1892 intellecta
477 1822 545 1910 jam
567 1820 671 1913 probe
687 1817 898 1914 summa'ipsi
939 1835 1027 1890 ostra
1045 1821 1130 1890 hanc
1151 1847 1217 1889 rem
1231 1818 1298 1910 latu,

196 1973 202 1986 ,
221 1907 312 1980 'inda
336 1921 391 1974 ent
407 1921 439 1974 ct
453 1903 533 1997 quid
558 1901 617 1972 uid
630 1903 666 1971 in
684 1903 853 1998 scripturis
874 1843 1064 1987 didicerint,
1098 1902 1165 1974 buc
1184 1904 1293 1980 celerant,

222 2015 274 2068 ‚ac
289 2014 326 2058 su
351 1929 689 2082 indc'locupietiorem
704 1985 906 2058 intellectum
923 1987 1128 2084 quotidianis
1153 1989 1283 2082 incrcne·

232 2079 278 2144 tis
291 2089 543 2166 consequantur.
588 2071 747 2160 Quotidie
764 2073 851 2142 enim
863 2072 964 2155 baec,
984 2098 1085 2168 quam
1101 2074 1162 2143 diu
1178 2073 1225 2144 bic
1241 2073 1293 2138 rin-

234 2185 327 2240 mus‚
352 2159 503 2240 docentes
523 2173 557 2232 et
570 2157 749 2245 discentes,
770 2157 826 2230 vix
840 2182 989 2254 uuquam
1001 2158 1080 2230 satis
1092 2159 1248 2234 discemus
1262 2169 1294 2224 ut

228 2211 436 2340 docebimus.
500 2264 505 2286 ⁴
553 2305 557 2312 .

663 2451 884 2488 Ἣ

518 2638 1060 2748 subtractus
1129 2633 1225 2718 .‘

174 2803 501 2910 ‘'C'ut
596 2807 739 2910 e'c
834 2825 864 2912 h
955 2827 974 2912 i
1064 2807 1291 2912 s'ml

552 3149 733 3297 ortano
756 3193 1001 3272 noumtcn,

230 3327 412 3442 Hactenus
424 3347 625 3445 audibimus,
647 3361 841 3457 quidnobis
858 3388 931 3432 curn
947 3358 1152 3447 faciendum,
1174 3377 1236 3432 tum

125 3515 128 3522 ,
226 3447 375 3516 ‘dendum
391 3446 452 3529 sit,
474 3446 594 3550 quibus
616 3446 651 3516 in
674 3449 771 3522 rebus
791 3447 914 3544 optima
929 3462 962 3517 et
975 3445 1168 3517 felicissima
1177 3447 1263 3514 uites

224 3531 296 3602 sitt
322 3529 546 3625 sequiturJam
571 3531 722 3632 deinceps
747 3557 824 3632 pers
848 3531 965 3613 tertia,
994 3532 1132 3616 docens,
1162 3555 1250 3626 quon

229 3614 394 3686 urantlum
416 3613 468 3686 sit.
528 3618 617 3684 Cum
645 3643 742 3704 curm,
756 3634 802 3686 rta
822 3617 992 3688 nobiscum
1014 3634 1260 3710 comparatumt

230 3700 408 3782 videamus,
431 3716 468 3768 ut
484 3721 581 3770 nemo
594 3699 765 3775 hominum
779 3703 888 3770 decern
905 3717 1079 3795 praccepta
1093 3703 1188 3798 plene
1204 3715 1232 3768 et

231 3785 315 3856 lecte
331 3803 460 3871 seruare
476 3801 595 3880 queat,
612 3785 751 3874 ⁴tametsi
765 3785 897 3858 credere
919 3783 1097 3880 inceperit,
1124 3803 1156 3856 et
1177 3784 1258 3852 diabo

231 3867 308 3944 huic
325 3887 438 3940 nostro
455 3876 587 3940 conatui
597 3885 732 3942 ‘summo
749 3875 873 3955 studio,
896 3897 1051 3940 unacum
1070 3863 1182 3940 mundi
1196 3890 1267 3960 asp·¹

228 3959 322 4048 ptiar
335 3958 439 4023 carnis
455 3971 582 4026 nostrae
596 3955 769 4046 illecebris,
793 3955 974 4026 obluctetur
988 3981 1026 4026 ac
1043 3958 1215 4026 renitatur:
1233 3975 1258 4046 qt
1274 4043 1275 4046 Ἴ

228 4039 365 4134 perinde
380 4041 597 4122 necessarium
614 4059 662 4110 est
673 4051 691 4124 ,'
705 4065 804 4136 quam
822 4058 857 4110 ut
874 4041 1015 4109 assiduis
1033 4042 1180 4135 precibus
1194 4036 1275 4126 dieu

228 4149 325 4193 aures
342 4123 514 4214 fatigemus
537 4139 568 4194 ct
581 4123 819 4209 obtundamus,
840 4141 876 4194 ut
899 4125 997 4194 fidem
1022 4143 1054 4195 ot
1078 4137 1264 4220 praeceptore

228 4208 481 4281 satisfactionem
497 4207 592 4282 nubis
603 4208 732 4310 largiri,
746 4225 934 4280 ‘sustentare
951 4226 1051 4306 atque
1067 4212 1263 4296 adaugeret]

227 4310 260 4365 et
273 4293 436 4400 quidquid
450 4294 492 4364 ad
505 4290 692 4416 capr—,nobrs'
705 4295 941 4392 impedimento
951 4312 1010 4396 est,
1033 4321 1128 4368 omne
1142 4291 1200 4363 boc
1212 4309 1260 4358 en

243 4399 246 4406 ⁴
327 4412 330 4436 ;
378 4427 382 4434 .
561 4403 573 4430 ³
778 4417 781 4424 ¹
929 4431 932 4439 .
