2658 4892
1032 193 1045 232 ι.
1133 187 1137 204 Ι

359 357 823 484 ·1·‘ormulaCoueordiac.·
988 419 991 424 ·
1061 379 1138 476 587
1203 393 1207 399 ’
1300 357 1321 446 ῥ

5 585 6 590 ’
41 555 184 626 humma
206 571 324 642 natura
347 555 416 630 sola
440 581 649 653 nequaquam
668 549 842 662 praestare
864 557 1039 656 potuisset,
1077 554 1141 630 nisi
1231 543 1236 554 ’

35 667 115 710 vcurn
133 640 243 713 divina
254 657 374 742 patpra
388 642 607 735 personaliter
619 661 712 726 orista
728 644 862 735 suisset,
880 659 918 717 et
930 643 1141 718 realemoum

41 751 81 798 ea
98 744 424 798 communicationem
443 728 618 799 habuisset.
880 783 882 790 ι
949 815 951 820 ¹
1015 775 1026 802 ·,
1157 803 1162 818 ,

126 815 176 878 Ex
192 808 252 900 hac
266 812 388 884 unione
402 830 434 882 et
459 829 651 883 naturarum
675 812 902 887 communione
915 811 1058 882 humana
1076 837 1140 882 na-

41 909 117 967 tura
126 894 331 966 habetillam
347 896 595 984 exaltationem,
616 913 691 994 post
713 901 1020 982 resurrectionem
1045 919 1140 967 more
1192 979 1195 989 1

39 978 137 1062 tuis,
149 1005 250 1072 super
265 1005 378 1052 omues
394 985 558 1054 uenturas
571 981 607 1054 in
624 980 716 1069 coelo
735 998 768 1052 et
783 983 819 1054 in
838 998 946 1067 terra,
977 985 1066 1078 (fuae
1084 1007 1139 1052 re-
1194 1023 1202 1032 .

41 1065 225 1135 veratnihil
248 1063 340 1136 aliud
363 1081 429 1149 est,
470 1091 569 1164 quam
596 1069 687 1162 quod
716 1067 868 1146 Christus
892 1067 1034 1145 domnam
1055 1073 1141 1138 serti

14 1163 20 1181 “
40 1169 178 1244 prorsus
202 1148 373 1247 deposuit;
409 1151 586 1222 humanam
608 1177 689 1224 vero
708 1167 858 1240 naturam
880 1148 948 1222 non
970 1153 1141 1248 deposuit,

41 1233 147 1304 sedin
164 1259 296 1306 omnem
309 1238 531 1308 aeremitatem
548 1231 685 1324 retinet,
707 1239 794 1308 etad
809 1237 940 1330 plenam
955 1239 1139 1332 possessio-

40 1342 117 1404 nem
136 1335 169 1388 et
182 1321 312 1390 divinae
326 1320 507 1414 majestatis
519 1322 764 1417 usurpationem
775 1323 954 1392 seeundum
964 1341 1142 1416 assumtam
1173 1353 1178 1358 ·

42 1401 221 1474 humanam
237 1423 387 1476 naturam
403 1423 532 1477 evectus
553 1423 610 1476 est.
650 1409 738 1478 Eam
751 1426 831 1478 vero
852 1408 1056 1498 majestatem
1071 1421 1146 1485 sta-2=

42 1491 102 1556 tim
121 1489 155 1556 in
170 1515 228 1558 sua
242 1490 475 1590 conceptione,
497 1489 597 1561 etiam
620 1491 655 1560 in
672 1502 766 1565 utero
787 1491 901 1562 matris
924 1491 1057 1584 ΙιιΙιιιίιι
1083 1491 1142 1562 sed
1173 1497 1176 1514 '

41 1589 81 1640 ut
96 1561 271 1667 Apostolus
284 1575 451 1672 loquitur,
471 1601 505 1646 se
519 1576 629 1674 ipsum
651 1577 847 1676 exinanivit,
869 1588 1024 1669 eamque,
1046 1593 1083 1645 ut
1097 1581 1144 1648 D.
1224 1621 1234 1660 ·.

42 1659 206 1729 lutherus
228 1661 338 1745 ducet,
372 1667 407 1730 in
426 1678 518 1732 statu
545 1661 898 1741 suaethunihatiouis
926 1677 1052 1732 secreto
1079 1664 1141 1732 ha-

43 1742 126 1844 huit,
149 1769 256 1843 neque
269 1769 345 1842 ‚eam
363 1771 503 1844 semper,
524 1747 584 1854 sed
597 1747 727 1844 'quoties
744 1747 808 1842 ipsi
821 1747 930 1818 ‘rhum
946 1745 1022 1828 suit,
1044 1771 1142 1817 usur·
1204 1749 1221 1814 ²,

42 1843 141 1923 parit.
538 1863 539 1866 ¹
1042 1869 1044 1875 s
1166 1853 1168 1858 '
1268 1843 1272 1856 “

42 1999 208 2092 quispiam
223 2017 381 2088 sanetus,
410 2025 449 2070 m
472 2003 581 2073 coelos
605 2003 765 2086 ascendit,
792 2004 873 2087 sed,
901 2018 940 2072 ut
965 2001 1143 2100 Apostolus
1239 2039 1244 2051 ¹

46 2093 196 2168 testamr,‘
221 2110 320 2180 super
333 2109 446 2155 omnes
462 2087 568 2158 coelos
585 2089 751 2176 aseendit,
777 2103 812 2169 et
822 2111 935 2158 revera
952 2087 1061 2156 omnia
1079 2113 1145 2156 rnr-

44 2167 136 2262 piet,
151 2187 182 2240 et
196 2171 320 2266 ubique
330 2195 397 2258 uon
413 2185 538 2242 tantum
556 2188 593 2242 ut
606 2177 709 2257 Deus,
731 2195 844 2260 scrupi
857 2172 960 2243 etiam·
974 2189 1011 2241 ut
1026 2173 1139 2256 honio,

45 2272 199 2347 praeseus
222 2257 411 2328 dominatur
429 2272 463 2326 et
476 2273 619 2350 regnat,
641 2279 661 2326 a
683 2255 769 2328 mari
784 2259 827 2326 ad
849 2281 956 2340 mare,
983 2273 1016 2326 et
1039 2281 1143 2350 usque
1178 2289 1179 2300 ¹

46 2339 87 2408 ad
104 2342 260 2412 terminos
273 2357 395 2423 terrae,
422 2342 699 2434 quemadmodum
714 2340 793 2423 olim
808 2339 994 2438 Prophetae
1012 2341 1051 2410 de
1064 2343 1142 2448 ‘ipso

128 1917 207 1986 Jam
230 1941 328 1998 vero,
357 1931 535 2017 postquam
556 1931 623 1990 non
646 1915 812 1990 communi
835 1898 980 2000 ratione,
1003 1931 1040 1987 nt
1055 1891 1142 1986 alius
1232 1999 1235 2004 ,
1295 1893 1297 1902 ,

46 2441 121 2492 sunt
136 2427 319 2510 vaticinati,
348 2443 380 2494 et
395 2426 547 2530 Apostoli
570 2427 868 2527 testantur,·q'uod
890 2425 1041 2496 Christus
1061 2454 1072 2498 1
1099 2427 1143 2496 sis
1236 2494 1242 2506 ,
1322 2453 1324 2462 ‘

35 2508 169 2618 ubique
192 2515 467 2608 cooperatus-stt,
503 2528 536 2582 et
554 2514 1079 2610 sermonem.ipsorum-sequenti
1126 2537 1143 2582 s
1249 2533 1250 2542 ¹

46 2592 420 2684 sigmsconfirmaveric·
456 2601 546 2668 Haec
570 2605 679 2668 autem
704 2623 773 2681 non
793 2613 921 2688 terreno
936 2597 1057 2679 modo,
1074 2599 1143 2680 sed,

46 2696 84 2747 nt
104 2687 146 2750 D.
167 2683 329 2754 Lutherus
354 2680 447 2776 loqui
471 2681 574 2766 solet,
597 2707 659 2778 pro
681 2684 782 2754 modo
807 2697 840 2753 et
863 2681 990 2753 ratione
1013 2683 1144 2752 dextrae

44 2765 109 2834 Dei
123 2765 207 2838 facta
230 2781 326 2850 sunt,
364 2790 448 2862 quae
468 2791 536 2838 uon
557 2785 607 2839 est
628 2785 735 2838 certus
754 2761 924 2861 aliqnis¹et
941 2765 1146 2868 circumscri-

39 2865 120 2947 ptus
139 2851 173 2919 in
192 2851 283 2930 coelo
304 2852 413 2936 loeus,
435 2857 486 2938 (ut
508 2853 757 2924 sacramentarii
782 2853 852 2939 sine
878 2867 1065 2936 testimonio
1087 2877 1146 2921 sa-

47 2959 119 3005 crae
134 2937 323 3033 S'er'ipturae
337 2938 495 3028 fingunt)
523 2935 583 3008 sed
600 2933 684 3008 nihil
703 2937 795 3007 aliud
809 2953 877 3030 est,
906 2934 972 3032 nisi
988 2938 1146 3034 omnipo-
1192 2967 1194 2976 ·

46 3035 118 3090 tens
140 3023 204 3091 Dei
227 3023 348 3105 virtus,
376 3027 462 3116 quae
485 3023 614 3094 coelum
635 3040 669 3093 et
690 3039 811 3092 terram
833 3019 965 3115 implet,
993 3028 1028 3090 in
1052 3026 1178 3114 cujus·

45 3107 286 3261 possessionem
304 3107 470 3193 Christus,
491 3111 588 3202 juxta
599 3107 959 3218 bumdnitatempuam,
975 3107 1049 3176 'sine
1063 3133 1144 3194 con-

63 3192 177 3264 usione
190 3205 299 3264 tamen
313 3211 345 3264 et
360 3193 590 3296 exaequatione
604 3209 811 3275 naturarum,
832 3207 866 3264 et
883 3191 920 3258 in
933 3191 1091 3274 essentia,
1114 3209 1146 3264 et

46 3278 82 3345 in
97 3276 319 3378 essentialibus
335 3303 395 3372 pro
420 3277 603 3365 rietatihus,
615 3274 756 3377 ‘realiter
773 3301 831 3346 seu
843 3301 958 3346 revera
972 3279 1072 3346 venit.
1094 3281 1159 3366 Ex,
1178 3301 1190 3332 ἰ
1283 3337 1285 3344 .

45 3361 107 3430 hac
121 3381 358 3434 communicata
371 3303 436 3436 sili
459 3363 571 3432 divina
590 3378 714 3434 mute
735 3360 835 3434 homo
857 3360 1031 3444 Christus,
1052 3364 1145 3454 juxta
1241 3387 1248 3404 ‘

22 3529 25 3534 Δ
45 3448 145 3516 verba
160 3447 342 3520 testamenti
357 3450 428 3534 sui,
443 3472 580 3542 corpore
598 3465 631 3518 et
647 3447 805 3538 sanguine
820 3471 882 3522 suo
896 3450 933 3514 in
946 3467 1037 3516 sacra
1055 3451 1147 3527 Coe-
1203 3449 1205 3460 ’

44 3555 106 3616 na,
128 3534 171 3602 ad
186 3559 287 3628 quam
300 3557 361 3610 nos
378 3532 479 3605 verbo
494 3535 555 3601 su'o
577 3532 651 3606 able
675 3547 727 3613 at,
754 3555 909 3628 praesens
926 3555 1003 3621 ¹esse
1024 3547 1145 3684 potest,

33 3623 80 3688 'et
95 3643 207 3688 revera
222 3635 280 3689 est.¹
331 3621 432 3706 Quod
449 3617 514 3688 alio
540 3617 575 3688 ui
600 3557 683 3687 nulii
696 3615 754 3687 alii
770 3611 895 3687 homini
955 3616 1032 3686 ssiln
1049 3645 1066 3686 e
1086 3633 1145 3699 est,

43 3701 124 3795 quia
137 3727 234 3776 nemo
247 3695 419 3774 hominum
434 3641 543 3774 eumd

40 3787 79 3862 in
99 3787 246 3859 divinam
261 3789 354 3867 illam
370 3789 627 3884 omnipotentem
641 3789 843 3891 majestatem
862 3786 1059 3872 etvirtutem
1074 3793 1146 3875 (rau
1187 3795 1198 3810 ”
1231 3827 1232 3833 1

41 3876 137 3943 tione
158 3874 385 3970 hypostaticae
398 3875 540 3944 duarum
566 3873 602 3942 in
624 3872 758 3944 Christo
782 3885 971 3942 naturarum
996 3871 1145 3956 unionis)

546 3701 634 3772 ivina
647 3718 765 3772 natura
780 3701 843 3772 hoc
858 3727 912 3771 mo
936 3726 957 3770 o
972 3702 1093 3784 unitus,
1115 3717 1147 3770 et
1240 3721 1248 3740 t

40 3957 222 4030 collocatus
237 3975 297 4046 est,
319 3960 403 4035 sieut
417 3981 502 4030 unus
518 3973 553 4034 et
565 3955 657 4028 solus
672 3956 728 4029 ille
743 3963 850 4038 Jesus,
864 3956 1007 4048 virginis
1017 3955 1147 4026 Mariae
1237 3989 1240 3994 ·
1274 4049 1276 4057 A

31 4041 157 4122 lilius,
190 4049 230 4114 ln
250 4045 324 4140 ipso
347 4043 436 4128 enirn
457 4043 571 4122 divina
594 4058 627 4112 et
652 4041 795 4128 humana
813 4038 1150 4134 naturahypostatiee

38 4127 264 4204 santonum,
284 4129 330 4198 ita
342 4127 381 4200 'ut
396 4130 433 4198 in
450 4127 583 4199 Christo
600 4133 667 4198 tota
683 4125 863 4196 divinitatis
877 4124 1052 4218 plenitudo
1070 4149 1147 4196 cor-

37 4211 205 4317 poraliter
219 4213 397 4298 inhabitet,
417 4213 503 4294 etin
522 4211 581 4288 illa
594 4209 765 4306 personali
784 4209 906 4280 unione
927 4225 1096 4278 tamarem
1116 4225 1148 4278 et

38 4296 225 4374 ineffabilis
252 4315 301 4376 est
319 4314 509 4379 sarmarum
533 4299 746 4381 communio,
789 4294 825 4364 in
849 4319 947 4394 quem
975 4295 1074 4378 etiarn
1095 4306 1152 4385 tut

921 4495 923 4503 ι

798 4525 805 4533 “
857 4525 863 4559 l

905 4559 908 4566 ,
