2618 4902
90 1545 145 1588 ’“’
195 1546 273 1616 dere
295 1543 337 1614 ad

70 263 77 274 ’
170 231 272 358 ,ioli⁸
651 267 832 370 Apologia
931 215 935 224 Ι

184 446 425 518 misericordiae
441 447 517 528 Deit
538 471 606 518 non
619 449 781 522 confidere
795 445 916 520 nostris
932 445 1058 518 meritis
1071 459 1192 518 'ceram
1210 451 1244 515 D

185 535 233 602 Et
251 532 423 614 miramur,
453 531 531 628 quid
548 551 645 626 agant
659 534 693 604 in
709 533 894 635 precatione
908 531 1106 615 adversarii,
1130 531 1161 600 si
1181 547 1253 600 tani

130 683 142 708 ,
180 615 336 688 'homines
359 617 488 712 prolani
509 642 654 712 unquam
675 619 803 722 ahquid
824 643 844 688 a
868 621 941 685 Deo
961 633 1087 710 petunt.
1131 614 1176 685 Si
1203 642 1244 684 co

187 717 372 796 memorant
385 727 418 770 se
435 703 550 790 dignos
571 729 657 786 esse,
686 729 767 798 quia
792 701 998 773 dilectionem
1021 717 1052 770 et
1073 702 1165 772 bona
1194 727 1262 806 ope

188 783 347 869 habeant,
378 803 409 856 et
421 804 595 880 reposcunt
610 789 945 881 gratiam„tanquarn
959 786 1120 868 debitam,
1150 811 1258 879 periri

188 877 287 941 erant
300 887 337 940 ut
353 869 548 939 Pharisaeus
563 875 649 974 apud
670 877 747 944 Luc.
770 873 999 968 cupiteXVlll.
1033 869 1090 963 qui
1106 869 1175 940 ait:
1224 877 1257 939 Β

191 979 266 1023 suin
281 954 497 1044 sicutcaeteri
512 953 670 1040 homines.
715 957 793 1060 Qui*
807 959 852 1028 sic
870 955 950 1049 petit
970 973 1126 1044 gratiam,
1147 981 1221 1026 nec
1248 983 1269 1024 ii

154 1073 157 1080 ·
192 1038 273 1108 titur
288 1039 508 1124 misericordia
530 1043 614 1124 Dei,
643 1043 767 1138 injuria
789 1040 889 1112 allicit
916 1039 1101 1120 Christum,
1132 1041 1201 1134 qui
1227 1068 1266 1110 cu

113 1203 115 1214 Ι
192 1123 237 1191 sit
257 1123 545 1210 Pontilcicnoster,
574 1128 760 1222 interpellat
784 1124 969 1222 pronohis3
1002 1124 1062 1197 ,Sic
1080 1123 1194 1217 igitur
1221 1124 1278 1192 ni'

192 1223 250 1276 tur
262 1207 364 1292 oratio
380 1207 600 1280 misericordia
617 1214 698 1296 Dei,
729 1211 861 1308 quando
884 1210 1129 1278 credimus-nos
1154 1227 1265 1306 propt

195 1290 365 1361 Christum
378 1293 564 1364 Pontificem
578 1297 739 1379 exaudiri,
759 1293 868 1366 sicuti
896 1319 930 1362 se
943 1292 1005 1362 ait:
1040 1293 1226 1388 Quidquid
1243 1322 1263 1388 p

154 1386 158 1396 '
194 1375 321 1457 tieritis·
338 1381 474 1447 Patrem
497 1379 531 1448 in
553 1381 685 1452 nomine
707 1405 798 1465 mco,
836 1320 928 1471 doliis
947 1379 1051 1447 vobis.
1093 1385 1133 1446 Iu
1156 1382 1260 1448 r'iomi

190 1481 287 1544 meo,
317 1460 351 1529 in
379 1461 445 1544 uit,
472 1463 549 1557 quia
575 1466 644 1536 sine
664 1467 727 1535 hoc
739 1465 894 1537 Pontifice
917 1488 983 1531 non
997 1481 1180 1558 possumus
1209 1491 1265 1534 acc

355 1488 501 1616 latrem.
546 1555 618 1619 Huc
642 1551 780 1658 pertinet
808 1565 840 1618 et
859 1547 1015 1617 sententia
1038 1547 1166 1617 Christi
1191 1555 1248 1620 Lu

45 1641 48 1655 '
136 1671 142 1692 ι
197 1635 384 1729 ruphilli.
427 1631 670 1730 Cumseceritis
689 1633 821 1718 omnia,
875 1649 1293 1734 uaepraeceptasuntve,

13 1753 17 1766 ν
80 1770 87 1791 ,
196 1715 265 1796 liis,
297 1718 409 1799 dicite,
432 1741 517 1785 servi
534 1718 664 1791 inutiles
677 1744 800 1790 sumus.
877 1738 931 1786 aec
948 1718 1045 1786 verba
1062 1718 1149 1787 clare
1169 1719 1291 1802 dicunt,

977 1789 985 1813 h

185 1800 289 1892 ⁸quod
303 1804 394 1868 Deus
408 1797 513 1878 salvet
533 1829 592 1898 per
607 1803 864 1876 misericordiam
887 1819 919 1872 et
959 1819 1070 1897 roptcr
1092 1827 1193 1872 suam
1220 1831 1295 1910 prop

197 1883 406 1968 missionem,
439 1909 507 1954 non
532 1891 620 1984 quod
646 1891 761 1960 debeat
782 1903 917 1985 propter
935 1827 1129 1976 lignitatem
1155 1913 1296 1998 operuit

197 1983 397 2038 nostrorum.
440 1969 505 2038 Sed
533 1973 709 2047 adversarii
736 1973 870 2044 mirifice
890 1971 1008 2043 ludunt
1029 1968 1101 2054 hic,
1131 1972 1168 2040 in
1194 1975 1292 2042 verhii

199 2050 336 2137 Christi.
378 2051 526 2123 Primum
541 2057 666 2129 laciniis
683 2059 902 2152 ἇντιστρέφον
921 2057 1000 2136 etin
1016 2082 1075 2126 nos
1089 2073 1293 2154 retorquent,

196 2135 443 2234 multomagis,
471 2140 506 2208 in
532 2141 645 2227 uiunt,
667 2144 731 2214 dici
771 2171 858 2214 osse:
903 2141 939 2212 Si
953 2140 1153 2210 credideritis
1170 2136 1298 2219 omnia*

198 2220 313 2304 dicite,
343 2223 428 2292 servi
442 2165 574 2309 inutiles
590 2255 714 2300 sumus.
790 2227 884 2299 einde
901 2227 1024 2310 addunt
1039 2227 1139 2322 opera
1162 2226 1299 2295 inutilia

162 2319 165 2326 '
199 2305 375 2391 essendo,
398 2308 493 2378 nohis
507 2339 665 2390 veronen
682 2339 750 2404 esse
765 2310 908 2382 inutilia.
949 2312 1083 2394 Videte,
1105 2339 1106 2342 ¹
1135 2336 1217 2380 uam
1242 2315 1300 2381 del

198 2386 299 2460 lectet
313 2393 516 2466 adversarios
544 2399 843 2494 puerilestudium
866 2393 1072 2488 sophistices.
1134 2402 1160 2466 't
1185 2407 1301 2490 quan-l

172 2481 179 2492 '
201 2475 376 2575 quamhae
399 2481 454 2548 ine
479 2480 544 2552 tiae
565 2483 717 2590 ‘nidigpae
739 2484 823 2566 sint,
853 2506 934 2574 quae
956 2479 1153 2564 refutentur,
1185 2497 1295 2552 tamen

198 2583 312 2652 paucis
330 2505 607 2657 respondebimus.
665 2573 896 2660 Αντιστρέφον
913 2582 976 2640 ,est
1007 2564 1172 2634 viciorum,
1223 2569 1294 2634 Pri-

103 2713 105 2723 ,
200 2669 291 2743 muni
305 2645 390 2715 enirn
405 2647 610 2750 decipiuntur
622 2653 799 2723 adversarii
814 2651 848 2725 in
864 2648 1021 2718 vocabulo
1045 2649 1135 2731 lidei,
1155 2654 1259 2752 quod
1276 2652 1296 2718 si

87 2792 90 2799 ,
199 2729 397 2827 signiticaret
417 2733 513 2803 nobis
542 2737 690 2806 notitiam
714 2737 806 2806 illam
829 2734 997 2815 histuriae,
1028 2758 1110 2827 quae
1136 2752 1242 2804 etiam
1269 2735 1296 2802 io

200 2811 313 2912 impiis
330 2815 518 2914 etudiuholis
535 2837 603 2908 cst,
632 2820 1004 2898 rectcratiocinarentur
1027 2819 1233 2904 adversarii,
1256 2821 1296 2888 si-

201 2897 277 2997 deni
293 2899 439 2985 inutilem
458 2930 544 2988 esse,
567 2933 641 2978 euin
665 2907 790 2978 dicunt:
836 2908 921 2975 Cum
946 2901 1144 2974 credideritis
1167 2906 1297 2984 omnia,

201 2981 319 3068 dicite,
349 2987 432 3056 servi
446 2988 577 3062 inutiles
592 3017 726 3072 sumus,
757 2989 822 3062 Sed
835 2993 895 3058 nos
911 3013 978 3056 non
1000 2989 1038 3056 de
1052 2986 1167 3058 notitia
1189 2991 1297 3060 histo-

200 3067 291 3168 riae,
321 3072 378 3141 sed
395 3073 434 3142 de
448 3074 564 3144 fiducia
582 3075 806 3172 promissionis
830 3089 863 3144 et
885 3071 1126 3144 misericordiae
1139 3074 1220 3164 ¹Dei
1246 3075 1297 3144 lo

201 3177 342 3246 quimur.
381 3157 518 3229 Ethaec
531 3161 648 3230 liducia
662 3159 889 3256 promissionis
903 3157 1022 3226 latetur
1044 3182 1103 3227 nos
1131 3182 1204 3227 esse
1227 3184 1297 3228 scr-

200 3259 259 3336 yos
274 3237 434 3326 inutiles,
454 3241 541 3329 imo,
568 3244 647 3315 haec
663 3245 843 3328 confessio,
858 3243 966 3337 ¹quod·
985 3265 1083 3342 opera
1096 3258 1212 3312 nostra
1236 3245 1299 3312 sint

153 3335 156 3346 ’
199 3323 352 3424 indigna,
383 3327 515 3421 estipsa
536 3353 599 3399 vox
622 3329 714 3412 lidei,
742 3330 825 3400 sient
846 3343 980 3422 apparet
1003 3351 1038 3396 iu
1061 3326 1124 3398 hoc
1146 3329 1299 3432 exemplo

120 3489 124 3498 1
165 3489 168 3501 ¹
199 3407 366 3506 Danielis,
398 3413 597 3512 quodpaulo
617 3431 689 3484 ante
707 3413 893 3484 citavimus:
937 3417 1014 3480 Non
1033 3409 1067 3480 iii
1081 3411 1299 3502 justificatio·

195 3490 296 3562 nibus
316 3509 435 3564 nostrts
455 3498 688 3588 prosternimus
734 3523 818 3571 rcecs
844 3514 908 3586 etc-¹
944 3496 1042 3568 Fides
1065 3497 1300 3578 euim'salvat,

170 3583 172 3594 '
200 3579 279 3670 quia
295 3580 511 3682 apprehendit
529 3525 788 3652 miscricordiam
807 3607 865 3653 seu
906 3579 1137 3656 remissionem
1158 3584 1301 3671 gratiae,

105 3713 109 3724 .
199 3663 330 3734 etiamsi
348 3681 458 3735 nostra
480 3689 578 3775 opera
597 3667 666 3738 'sint
686 3668 829 3758 indigna.
907 3683 919 3736 t
939 3667 975 3733 in
995 3663 1077 3736 hanc
1098 3665 1301 3736 seutentiam

86 3767 117 3826 ,·
188 3745 283 3816 ¹nihil
298 3747 397 3819 laedit
409 3757 721 3846 nos-aecwcpe‘cpoa.
767 3755 852 3820 Cum
869 3749 1067 3822 credideritis
1081 3747 1215 3834 omnia,
1248 3753 1301 3820 di-

81 3845 92 3886 '·
199 3832 276 3915 cite,
308 3833 394 3911 servi
419 3833 549 3908 inutiles
582 3863 712 3920 sumus,
740 3835 905 3916 videlicet,
938 3835 1029 3940 quod
1058 3857 1157 3928 opera
1179 3853 1301 3906 uestra

176 3917 264 3985 ¹sint
277 3918 428 4018 indigum
458 3920 520 3992 hoc
540 3922 628 4002 enirn
651 3949 726 3994 eum
748 3938 814 3996 tosa
836 3919 983 4018 Ecclesia
1004 3921 1174 4019 docemus,
1206 3922 1301 4021 quod

198 4027 258 4096 per
281 4007 535 4078 misericordiam
559 4007 730 4078 salvemur.
772 4007 839 4078 Sed
867 4029 896 4074 si
922 4030 960 4074 ex
986 4001 1087 4072 sinuli
1104 4009 1300 4074 ratiocinari

198 4086 332 4184 yolunt,
368 4112 442 4158 cum
461 4091 575 4162 feceris
601 4092 728 4175 omnia,
762 4089 832 4162 noli
853 4089 1014 4160 confidere
1039 4087 1193 4184 operibus
1212 4093 1301 4168 tuis;

199 4187 242 4242 ite
264 4197 338 4244 cum
360 4172 532 4268 credideris
555 4177 684 4264 emnia,
721 4175 791 4251 noli
817 4173 978 4250 confidere
997 4170 1220 4268 promissione
1246 4175 1301 4246 di-
