2618 4902
282 199 290 236 1
382 219 386 224 .

162 299 165 311 ’
254 349 364 409 122,
622 353 627 370 ¹
710 327 893 434 Apologia
1011 311 1140 432 Γ(
1226 425 1230 430 ¹

248 533 315 580 non
329 505 458 578 laedere
474 507 638 586 unitatem,
650 509 736 580 fidei.
780 513 981 616 Quanquam
1001 503 1082 614 quid
1104 537 1123 584 ο
1148 535 1181 581 us
1202 513 1265 582 estdi

272 592 437 664 utatione?
482 594 630 664 Omnino
645 596 727 690 quid
739 592 781 666 sit
796 587 921 688 Juslitia
940 595 1029 677 fidei,
1050 595 1108 691 qui
1144 597 1184 666 sit
1196 623 1265 688 regii

248 621 393 762 1Christi,
420 704 486 780 non
499 678 688 770 intelligunt
704 680 899 770 adversarii,
929 680 958 751 si
971 681 1136 772 judicant,
1161 707 1265 751 necessi

247 789 386 836 amasse
403 763 654 836 similitudinem
673 765 944 836 observationum
953 765 989 838 iu
1002 765 1101 850 cibis,
1131 767 1242 850 diebus,
1255 793 1265 830 i

140 882 143 892 ¹
247 849 346 933 stitu,
365 866 405 920 -ct
420 849 581 920 similibus
591 849 715 932 rebus,
743 875 828 946 quae
845 877 912 922 non
925 851 1048 922 habeut
1062 853 1265 922 mandatunll

159 973 171 1002 ι
246 935 367 1007 Videte
384 950 495 1004 autem
509 932 682 1026 religiosos
697 935 870 1020 homines,
900 935 1105 1007 adversarios
1119 955 1265 1008 nostroszi

246 1020 383 1116 quirunt
396 1020 437 1089 ad
454 1020 613 1090 unitatem
627 1017 793 1090 Ecclesiae
807 1021 930 1091 similes
954 1021 1193 1092 observationes
1211 1021 1265 1090 hin

244 1127 326 1191 nas,
349 1127 424 1176 cuin
438 1103 504 1200 ipsi
518 1106 716 1176 mutaverint
730 1105 967 1176 ordinationem
981 1105 1105 1182 Christi
1122 1108 1157 1176 in
1173 1132 1225 1175 usu
1236 1107 1265 1173 Cu

237 1201 327 1273 nae,
353 1213 437 1286 quae
452 1205 537 1272 certe
554 1187 620 1260 fuit
642 1205 736 1260 antea
758 1189 921 1260 ordinatio
943 1190 1153 1262 universalis,
1193 1189 1262 1278 Quod

244 1275 465 1350 ordinationes
503 1273 703 1345 universales
732 1275 931 1346 necessariae
967 1291 1072 1359 sunt,
1110 1302 1167 1346 cur
1204 1291 1265 1344 mitt

243 1359 309 1458 ipsi
325 1359 564 1430 ordinationem
586 1362 719 1430 Coenae
742 1359 886 1443 Christi,
921 1383 1006 1454 quae
1024 1385 1091 1430 non
1114 1377 1163 1432 est
1181 1359 1265 1430 huno

243 1445 303 1514 sed
316 1444 460 1517 divinae
493 1447 559 1518 Sed
578 1445 619 1522 de
633 1446 702 1514 'bac
718 1460 786 1516 tota
808 1443 1028 1518 conuoversia
1050 1445 1139 1519 infra
1164 1443 1265 1540 aliquoi

242 1529 419 1602 dicendum
437 1529 510 1602 erit.

275 1615 278 1623 ’
328 1617 546 1686 OCTAVUS
568 1617 826 1686 AR'l'lCUliUS
854 1615 1054 1712 approbatus
1085 1632 1137 1712 est
1165 1609 1265 1694 totoni

242 1723 310 1794 quo
324 1702 537 1785 confitemur,
569 1700 658 1795 quod
672 1699 862 1795 hypocritae
885 1721 917 1771 ct
932 1701 1013 1772 mali
1035 1703 1171 1773 admixti
1188 1701 1265 1769 slntb

243 1783 380 1869 clasiae,
408 1797 441 1856 tt
457 1787 552 1879 quod
559 1803 759 1862 sacramenta
773 1785 838 1857 sint
850 1786 1013 1870 efficacia,
1041 1787 1171 1858 etiamsi
1183 1803 1265 1878 periit

240 1868 294 1940 los
309 1869 477 1944 ministros
493 1886 684 1955 tractentur,
713 1872 794 1966 quia
812 1870 953 1942 ministri
962 1871 1136 1960 leguntur
1145 1872 1207 1940 vice
1223 1866 1265 1935 Cho

240 1953 304 2040 sti,
321 1951 401 2024 'non
414 1971 660 2050 repraesentant
692 1982 768 2026 nain
806 1981 974 2034 ersonam;
1005 1959 1096 2048 juxta
1120 1957 1211 2026 illud:
1244 1955 1265 2044 lli

193 2088 197 2096 =
238 2063 300 2108 ros
316 2039 426 2125 audit,
459 2066 512 2110 me
525 2041 625 2111 audit
666 1981 767 2139 impii
782 1983 934 2114 doctores
948 2041 1120 2111 deserendi
1142 2057 1265 2190 sunago

238 2120 276 2192 bi
288 2125 358 2216 jam
373 2121 441 2194 udn
457 2125 641 2218 iunguntur
683 2151 797 2198 ersona
822 2124 965 2210 Christi,
980 2126 1050 2200 ,sed
1070 2143 1149 2196 sunt
1164 2133 1229 2196 Anti
1254 2144 1265 2184 o

181 2279 187 2302 ἵ]
238 2207 291 2282 ati.
330 2213 379 2280 Et
393 2209 542 2281 Christus
558 2215 622 2282 ait:
706 2229 777 2282 vete
793 2236 813 2280 a
829 2207 1144 2305 Pseudoprophetis.
1183 2213 1265 2302 ltili}

238 2293 310 2450 llus:
362 2294 400 2396 Si
436 2293 513 2393 quis
548 2297 639 2368 aliud
668 2295 889 2394 Evangelium
923 2295 1208 2391 evangelizaverit,
1236 2303 1265 2360 au

274 2404 348 2450 ema
371 2397 425 2453 sit.
573 2417 581 2456 ·,
721 2410 723 2414 ’
1264 2415 1265 2421 ¹

324 2467 499 2544 Caeterum
513 2464 643 2540 ni'onuit
655 2493 716 2540 nos
741 2467 894 2542 Christus
910 2467 947 2538 in
966 2465 1192 2544 collationibus
1206 2463 1264 2550 dell

236 2545 354 2647 elesia,
375 2577 416 2622 ne
432 2549 551 2628 olseusi
567 2555 703 2648 privatis
715 2554 803 2626 vitiis
818 2552 886 2623 sive
900 2555 1107 2627 sacerdotum
1120 2551 1187 2622 sive
1200 2539 1264 2646 popul

171 2699 201 2714 h
236 2633 414 2706 schismata
433 2636 629 2724 excitemus,
662 2639 748 2710 sicut
775 2638 925 2708 scelerate
953 2637 1102 2710 lecerunt
1127 2637 1264 2706 Donatista

235 2714 316 2788 Illos
331 2745 429 2804 vero,
457 2721 516 2815 qui
529 2721 603 2806 ideo
617 2723 836 2794 excitaverunt
845 2722 1047 2808 schismata,
1078 2721 1157 2815 quia
1169 2717 1264 2813 iicgalttt

235 2804 460 2876 sacerdotibus
494 2805 610 2891 licere,
649 2824 760 2879 tenere
821 2810 1015 2879 assessioncs
1052 2823 1113 2877 aut
1146 2819 1264 2902 propiet

234 2885 331 2981 plane
353 2889 526 2962 seditiosos
544 2894 739 2996 judicamus.
788 2833 874 2963 llam
896 2909 1005 2996 tenere
1023 2917 1088 2988 pro
1112 2890 1197 2960 rium
1216 2880 1264 2956 coil

234 2972 398 3052 ordinatio
415 2992 471 3048 est.
514 2981 605 3050 Licet
619 2997 728 3050 autem
745 2977 942 3050 Christianis
958 2993 1008 3050 uti
1024 2915 1173 3048 civilibus
1191 2970 1263 3043 ordio

57 3078 62 3088 ·
127 3103 131 3122 ι
234 3055 403 3145 tionibus,
432 3061 706 3147 sicuthocaaie,
737 3061 903 3147 haelucc,
934 3061 1026 3163 cibo,
1056 3077 1149 3158 potu.
1188 3065 1263 3138 ,Naffll

232 3140 315 3213 baec
328 3171 440 3216 rerum
457 3165 595 3232 natura,
624 3167 657 3220 et
679 3148 714 3218 hi
728 3147 874 3220 siderum
897 3164 976 3218 certi
999 3165 1127 3230 motus,
1157 3170 1221 3213 vere
1236 3157 1263 3236 §tt

185 3316 196 3330 .
232 3228 491 3316 ordinatiossei,
514 3251 546 3305 et
561 3250 823 3305 conservantura
837 3237 929 3312 Deo;
952 3233 1000 3303 ita
1014 3232 1180 3324 legitimae
1193 3224 1263 3321 polito

232 3335 308 3382 vere
324 3331 400 3384 sunt
414 3317 580 3396 ordinatio
594 3318 660 3392 Dei
674 3336 706 3390 et
721 3319 903 3392 retinentur
919 3343 957 3389 ae
974 3317 1192 3389 defenduntur
1210 3313 1263 3380 alt

232 3396 388 3470 adversus
402 3399 582 3473 diabolum.
1161 3425 1167 3434 '

317 3487 477 3556 NONUS
500 3449 756 3560 atticotos
786 3487 986 3586 approbatus
1003 3503 1068 3572 est,
1097 3487 1132 3558 in
1155 3509 1214 3582 quo
1231 3497 1263 3549 ot

231 3567 381 3654 litemur,
416 3574 507 3675 quod
532 3574 730 3675 Baptismus·
750 3573 796 3646 sit
818 3573 1028 3674 necessarius·
1041 3574 1084 3644 ad
1104 3572 1262 3645 sa‘iluteuiie

231 3656 323 3753 quod
332 3679 434 3760 pueri
457 3675 522 3730 sint
542 3657 583 3728 ba
608 3659 767 3760 tizandi„
779 3676 814 3729 et
830 3658 921 3754 quod
938 3660 1121 3754 baptismus
1145 3663 1262 3752 puerunt

106 3794 112 3810 .
229 3761 300 3812 nou
315 3757 515 3827 suuntur,
531 3766 565 3813 se
610 3768 808 3814 necessarius
831 3761 863 3816 et
882 3743 996 3814 efficax
1019 3745 1061 3813 ad
1084 3741 1223 3812 salutem.
1250 3729 1262 3792 l

256 3827 388 3900 uoniam
400 3827 620 3918 Evangelium
634 3855 716 3923 pure
736 3847 768 3899 et
788 3827 964 3922 diligenter
985 3820 1155 3922 apud'nos
1176 3826 1262 3900 docete

163 3937 165 3944 ’
265 3913 296 3982 ci
309 3911 466 3982 benelicio
481 3911 569 3982 bunc
590 3939 722 4013 quoque
745 3913 889 3984 trucium
912 3941 951 3984 ex
973 3939 1014 3984 co
1037 3909 1262 4008 capimus,qu

229 3993 264 4064 iu
278 3996 438 4078 Ecclesiis
458 3997 671 4068 nostrisuulli
688 3998 861 4082 extiterunt
880 3998 1132 4102 Anabaptistae,
1162 3999 1262 4090 qottPl

229 4081 327 4184 pulu's
341 4083 440 4152 verbo
462 4082 526 4152 Dei
549 4083 703 4153 adversus
723 4083 861 4178 impiam
884 4101 917 4154 et
939 4082 1125 4154 seditiosam
1146 4079 1262 4175 laetieut

229 4165 365 4236 illorum
380 4167 546 4239 latronum
560 4169 705 4238 munitus
721 4183 780 4242 est.
822 4173 868 4238 Et
881 4193 955 4238 cuni
978 4169 1148 4264 plerosque
1167 4163 1261 4232 aliestt

229 4278 318 4324 rores
334 4252 622 4350 Auabaptistarom
634 4255 848 4338 damnamus,
869 4269 940 4324 tuin
953 4255 1040 4324 hunc
1054 4276 1197 4348 quoque,
1217 4225 1261 4334 quil
