2610 4900
184 301 259 376 too
332 311 336 318 ’
393 315 396 326 ’
527 291 930 424 Catechlsmusmajor.

461 575 471 594 Ο

193 581 337 638 rationes
360 582 536 668 excogitari
560 605 696 676 possunt
732 613 811 684 opes
833 610 931 666 atcue
960 592 1174 680 substantiam
1206 603 1267 670 alie-

194 675 270 718 ¹¹³¹¹¹
286 652 751 756 imminuendtilecureandi,
775 620 996 770 impedienti,
1024 683 1203 774 alienandi)
1226 713 1267 754 ne-

194 760 259 892 pue
277 736 328 806 his
343 748 601 834 opuscutiamus,
624 772 680 823 ant
703 756 781 829 baec
796 762 867 833 lieri
891 767 1074 862 patiamur,
1108 770 1165 838 sed
1181 773 1269 866 proli·

177 884 178 890 ,
219 837 361 909 eamus,'
372 852 408 898 ac
424 834 576 905 omuibus
591 843 697 909 modis
716 846 786 935 ejus
803 847 960 919 damnum
974 869 1219 940 antevertamus.

230 988 246 1000 ,,
282 909 409 990 Contra
424 941 500 988 vero
520 929 728 1018 praeceptum
745 947 812 1014 est,
837 952 872 1004 ut
896 940 966 1028 ejus
988 939 1075 1008 bona
1103 953 1270 1042 promovea-

195 1016 269 1060 ’ΠΜ
298 1017 560 1097 ³¹¹ll⁰³¹¹¹¹¹⁸q¹¹⁰2
583 1025 681 1104 atque
702 1013 759 1082 ubi
781 1021 966 1090 necessitate
981 1047 1113 1116 pressus
1134 1041 1197 1110 est,
1222 1029 1271 1117 eju

174 1087 176 1092 '
197 1075 345 1177 inopiam
359 1083 499 1175 benigne
516 1089 735 1186 sublevemus,
749 1099 799 1168 illi
816 1103 1063 1197 impertiamus,
1084 1133 1172 1207 prae
1196 1136 1271 1178 mam

197 1161 323 1255 3lll⁰¹d
341 1165 465 1252 demus,
489 1176 707 1268 perfruatur,
728 1211 802 1252 cum
819 1190 948 1278 amicis,
964 1201 1033 1261 tum
1047 1193 1198 1264 inimicis.
1216 1201 1271 1262 lau

196 1245 254 1340 qui
271 1246 357 1319 bona
371 1276 471 1346 opera
514 1263 617 1332 uaerit
638 1283 696 1336 aut
716 1273 808 1364 cupit
834 1272 956 1358 lacere,
988 1275 1040 1346 bic
1064 1279 1193 1348 abunde
1215 1280 1271 1348 satis

195 1329 357 1428 inveniet,
381 1350 464 1438 quem
481 1284 553 1412 lleo
570 1351 742 1422 exanimo
783 1359 947 1452 erplaccnt
964 1379 995 1430 et
1007 1380 1101 1452 grata
1117 1379 1211 1448 sunt,
1230 1364 1272 1432 ad·

195 1414 275 1484 baec
289 1443 372 1511 quae
386 1427 574 1498 incredibili
593 1436 734 1526 quadam
752 1380 976 1514 benedictione
991 1460 1234 1531 remuneratur,
1252 1463 1272 1514 et

196 1501 399 1601 amplissime
416 1513 576 1600 cumulat,
600 1533 636 1586 ut
649 1522 778 1595 abunde
803 1548 1029 1624 compensetur
1051 1532 1183 1622 uobis„
1199 1533 1271 1628 quid-

189 1587 280 1680 cpnd
294 1590 392 1665 ollicii
406 1596 444 1662 a'c
464 1595 674 1689 humanitatis
698 1609 848 1702 proximo
872 1615 1123 1686 exhibuerimus.
1171 1623 1272 1708 Qucu-

195 1671 374 1746 admodum
384 1679 643 1772 sapientissimus
658 1692 755 1764 etlam
771 1697 865 1768 docet
880 1700 1053 1785 Salomon,-
1074 1705 1177 1774 Prov.
1195 1709 1272 1770 XlX.:

67 1772 77 1784 '
120 1812 128 1826 ,
194 1757 397 1832 Foeneratur
409 1767 574 1855 Domino,
620 1774 652 1840 ui
668 1776 839 1852 miseretur
855 1786 1025 1879 pauperis,
1047 1803 1079 1856 et
1095 1788 1273 1883 vicissitudi

194 1863 270 1910 nem
284 1867 376 1916 suam
394 1850 506 1922 reddet
520 1854 560 1924 ei.
635 1861 710 1932 abes
734 1861 788 1935 hic
803 1867 996 1962 opulentum
1018 1871 1218 1955 Dominum,
1236 1898 1274 1966 qu

196 1924 258 1994 tibi
281 1932 395 2021 procul
421 1935 522 2006 dubio
549 1942 708 2016 solvendo
732 1966 796 2034 est,
827 1977 886 2024 nec
901 1953 1043 2048 patietur
1058 1955 1130 2028 ulla
1149 1975 1178 2028 te
1193 1959 1274 2053 premi

196 2021 374 2100 auturgeri
423 2023 559 2108 enuria,
591 2037 658 2124 quo
671 2033 823 2126 adjutore
846 2040 1018 2132 tranquilla
1041 2043 1235 2137 conscienp'a
1253 2067 1274 2137 ur

196 2099 350 2191 centuplo
374 2041 447 2196 plius
470 2105 538 2191 frui
560 2131 674 2206 potes,
711 2145 810 2215 quiam
830 2149 904 2192 cum
923 2125 1065 2218 perfidia
1090 2144 1152 2198 aut
1177 2129 1274 2222 injuria
1298 2168 1299 2205 ;

94 2207 98 2212 ·
125 2183 129 2198 ’
194 2181 336 2338 proximi
360 2193 540 2264 corradere.
590 2205 668 2270 Jam
695 2203 753 2298 qui
774 2203 1142 2281 hanc¹benedictionem
1159 2235 1273 2282 nacisce-

219 2269 325 2357 uudus
340 2272 485 2365 fastidit,
506 2279 566 2354 ille
581 2282 707 2358 irarum
720 2304 753 2362 et
765 2290 941 2363 infortunii
952 2296 1080 2366 abunde
1100 2298 1246 2370 inveniet.

118 485 123 492 '
191 499 267 584 mup
277 488 448 578 proximo,
463 487 720 596 (qualescunque
735 487 886 591 tandem,
917 527 949 582 et
968 511 1079 607 quam'
1096 514 1278 611 multiplices.

450 2482 769 2596 ,RRAECEPTUM
792 2497 1034 2610 Octavum.
1111 2504 1114 2510 '

132 2616 135 2624 ²
238 2657 240 2662 .
294 2619 375 2692 Non
390 2619 555 2724 loqueris
571 2647 705 2707 ‚contra
722 2639 932 2736 proximum
955 2654 1068 2714 tuum·
1082 2633 1273 2716 falsumn-

91 2745 96 2752 ·
194 2715 416 2800 stimonium.
453 2809 460 2833 ι
505 2717 520 2750 '
882 2757 919 2778 ·‘

278 2887 412 2960 Praeter
426 2915 545 2994 corpus
561 2899 752 2991 proprium,
777 2899 958 2993 legitimam
972 2908 1150 2998 conjugem
1172 2925 1203 2980 et
1223 2932 1271 2976 ren

192 2961 389 3054 familiarem
425 2976 532 3050 adhuc
559 2979 642 3052 alius
657 2983 839 3057 thesaurus
860 2989 957 3060 nobis
981 3010 1151 3088 superest,
1181 3015 1271 3084 nempe

119 3067 122 3078 ·
192 3053 337 3128 nominis
353 3077 385 3131 et
397 3061 505 3134 famae
517 3055 702 3160 aequabilis
720 3079 819 3167 atque
829 3073 1005 3156 inviolatae
1021 3077 1225 3172 praeclarum
1239 3093 1271 3174 te-

173 3141 402 3230 stimonium,
430 3153 715 3248 'uoncquaquam
726 3179 1031 3256 carerepossumus.
1075 3168 1193 3317 Necppe
1208 3185 1270 3262 curu

192 3233 358 3316 praestat,
390 3175 529 3308 utqlama
576 3261 669 3310 orum
691 3245 833 3312 secunda
847 3245 1008 3324 ,vivamus
1030 3247 1115 3317 iuter
1163 3271 1269 3349 omines,

114 3386 117 3391 ¹
192 3327 302 3398 aperte
316 3311 453 3388 iufamia
476 3261 656 3408 notabiles,
679 3342 711 3396 et
731 3329 887 3399 contemti
913 3331 1077 3430 omnibus.
1130 3339 1269 3433 Quocirca

155 3401 159 3410 ‘
190 3393 284 3462 Deus
296 3401 436 3490 proximi
451 3404 592 3491 famam,
613 3433 734 3480 nomen
749 3427 781 3484 et
796 3411 956 3506 justitiam
973 3416 1077 3486 mlrilo
1093 3443 1198 3510 magis
1218 3413 1269 3484 vult

103 3511 105 3516 .
190 3475 346 3550 imminui
360 3503 418 3557 aut
435 3489 613 3574 decurtadi,
637 3519 736 3589 quam
753 3515 926 3600 argentum
944 3516 976 3569 et
991 3526 1068 3594 opes
1082 3503 1155 3594 ejus
1177 3519 1268 3657 patere

190 3559 279 3633 furto
297 3585 353 3637 aut
367 3572 694 3666 depraedationibus,
717 3606 756 3651 ue
777 3584 853 3673 quis
870 3600 926 3676 aut
942 3589 1060 3666 moris,
1089 3587 1187 3687 autnlr
1209 3609 1266 3654 cro-

189 3670 284 3732 rum,
305 3657 542 3746 autlaruiliae,
572 3679 629 3734 aut
653 3665 754 3734 etiam
773 3667 872 3738 vicini
887 3668 1022 3740 laboret
1044 3671 1190 3742 infamia.
1235 3675 1269 3736 dt

171 3731 333 3822 'primum
349 3741 481 3836 quidem
501 3750 641 3820 crassior
656 3749 754 3842 hujus
778 3753 942 3848 praecepti
965 3780 1097 3841 sensus,
1128 3753 1266 3856 quemad-

187 3819 325 3888 modum
343 3825 415 3919 ipsa
430 3832 531 3902 verba
545 3851 679 3917 sonant,
702 3841 785 3925 (non
804 3835 1081 3932 loqueriscontra
1102 3862 1267 3937 proximum

188 3917 280 3971 tuum
302 3905 422 3982 salsum
445 3917 704 4010 testimonium)¹
728 3921 773 3990 ad
787 3925 917 4014 negotia
939 3924 1266 4019 forensiarelerendus

187 4003 252 4070 est,
273 3991 331 4060 ubi
346 3996 444 4068 miser
461 3999 583 4098 aliquis
599 4021 630 4074 ct
642 4005 798 4077 innocens
815 4025 1002 4093 accusatur,
1022 4008 1180 4108 falsisque
1195 4023 1265 4112 testu-

132 4105 134 4112 v
160 4108 162 4116 s
185 4069 246 4142 bus
271 4083 487 4175 opprimitur,
512 4105 550 4157 ut
568 4089 688 4162 luendo
706 4116 848 4184 poenas,
876 4109 936 4178 aut
952 4097 1121 4192 corporis,
1149 4112 1202 4164 aut
1220 4116 1264 4169 ren

179 4157 364 4236 ‘uutfumae
392 4168 427 4238 in
449 4165 632 4264 periculum
656 4175 773 4246 veniat.
808 4203 819 4252 J

265 4253 343 4320 dam
359 4250 421 4344 boe
433 4259 571 4364 perinde
594 4277 747 4356 apparet,
767 4261 867 4357 quasi·
879 4284 998 4359 parum
1013 4265 1057 4358 ad
1072 4291 1132 4338 uos
1141 4261 1259 4363 pertint·
