2548 4906
560 119 621 156 ¹.

373 323 636 420 'Confessionis
982 341 1053 418 185

8 557 32 600 rs
60 509 422 602 contra'auetbritatem
451 528 662 622 synodorum
689 511 916 600 condiderunt.
959 525 1062 596 Adeo‘

8 617 131 686 tntibcrs
148 627 355 700 contemnunt
373 614 599 684 auctoritatem
615 613 835 706 synodorum,
859 625 958 710 qu'am
980 609 1054 679 aliis

8 701 73 770 [unt
88 697 189 768 videri
205 715 452 794 sacrosanctam.
495 700 636 792 Propria
656 695 762 798 igitur
785 714 833 766 est
847 695 926 769 baec
948 693 1000 764 lex
1015 695 1055 794 de

8 802 118 878 rpetuo
148 777 307 850 coelrbaru
334 779 433 872 hujus
458 809 562 854 novae
588 781 783 852 Pontificiae'
810 779 1103 856 domination1s‚.,

8 896 75 969 quc
94 869 128 938 id
149 867 206 936 abs
228 891 274 932 re.
296 865 437 960 ‘Daniel
462 869 549 954 euim
575 866 690 936 tribuit
712 865 795 942 banc
819 882 933 938 notam
955 891 1063 958 regno
1164 878 1167 884 '

8 951 174 1036 ttrcbristi,
203 948 358 1018 videlicet
374 968 571 1022 contemtum
584 950 772 1023 mulierum.
951 1018 958 1028 ,
1126 1009 1128 1016 ⁴

52 1037 183 1124 Quinto.
226 1031 298 1103 Etsi
320 1037 502 1112 adversabii
523 1062 591 1106 non
614 1035 798 1120 defendunt,
814 1035 919 1126 legem
939 1047 1059 1130 'super-

10 1122 104 1193 tionis
122 1142 236 1202 causa,
270 1127 344 1190 cum
366 1118 498 1191 videant
517 1147 584 1190 non
605 1119 709 1190 solere
731 1121 917 1203 observari,
950 1137 1061 1190 nmen
1112 1170 1116 1176 -

8 1207 202 1304 perstitiosas
210 1203 388 1300 opiniones
403 1223 532 1289 serunt,
555 1204 634 1274 dum
645 1202 838 1299 praetexunt
853 1206 1059 1296 religionem.

8 1292 171 1362 relibatum
186 1289 260 1358 ideo
274 1289 464 1384 praedicant
480 1315 515 1360 se
528 1289 715 1384 requirere,
745 1291 834 1385 quod
844 1285 846 1303 '
856 1292 900 1360 sit
924 1290 1060 1368 mundi·
1083 1375 1088 1386 ·

9 1403 42 1460 s,
80 1373 173 1472 quasi
196 1375 384 1466 conjugium
407 1376 451 1446 sit
475 1375 696 1444 immundities
726 1399 763 1444 ac
786 1391 973 1470 peccatum,
1003 1391 1061 1456 aut
1133 1455 1135 1464 Ι

9 1462 58 1532 asi
75 1458 254 1530 coelibatus
272 1460 376 1552 magis
389 1477 550 1538 mercatur
564 1459 841 1552 justificationem,
866 1485 966 1555 quam
980 1486 1062 1530 con-

8 1547 102 1640 gium.
144 1549 188 1615 Et
202 1543 266 1612 buc
282 1543 426 1638 allegant
442 1544 644 1644 ceremonias
660 1538 742 1636 iugis
765 1545 947 1626 Mosaicac,
971 1545 1062 1640 quod

8 1659 39 1702 m
56 1631 92 1699 in
104 1629 192 1722 lege,
215 1644 368 1728 ⁴tempore
383 1631 555 1710 ministerii
572 1630 755 1699 s'ace'rdotes
770 1629 912 1726 separati
936 1630 1063 1701 fuerint
1160 1627 1175 1658 ’·

28 1716 204 1798 uxoribus,
243 1739 279 1780 m
303 1723 610 1802 uovo‘testameuto
633 1716 800 1808 sacerdos,
829 1740 903 1786 cum
934 1731 1063 1810 semper

8 1827 61 1870 arc
79 1799 209 1884 debeat,
235 1821 364 1892 semper
376 1799 490 1869 debeat
506 1798 689 1869 continere·
721 1804 811 1870 Haec
833 1799 941 1895 inepta
967 1797 1063 1868 simi-

8 1887 75 1954 udo
88 1881 249 1978 allpgatur
261 1900 420 1978 tanquam
437 1886 682 1966 demonstratio,
701 1909 785 1984 quae
797 1901 895 1984 ,cpgat
910 1885 1063 1954 sacerdo-

1057 1909 1213 2000 54

8 1995 13 2038 t
31 1971 74 2039 ad
91 1979 284 2073 perpetuum
302 1969 508 2052 coelibatum,
531 1996 605 2040 cnm
619 1970 752 2071 quidem
768 1994 891 2070 tuipsa
904 1969 1063 2041 similitu-
1166 2027 1181 2053 .

8 2083 42 2126 re
58 2078 246 2154 conjugium
263 2053 458 2124 concedatur
468 2105 483 2140 ,
497 2069 623 2124 tantum
638 2071 809 2124 mrmsteru
826 2073 968 2149 tempore
982 2079 1063 2123 con-2

8 2136 334 2210 etudomterdicitur.
376 2143 421 2207 Et
436 2137 528 2208 aliud
551 2156 725 2224 estorare,
752 2137 844 2208 aliud
868 2141 1065 2210 ministrare.

8 2224 235 2294 rabantsancti
249 2219 324 2293 tunc
339 2249 493 2318 quoque,
511 2249 592 2293 ‘cum
608 2249 676 2302 non
691 2223 878 2293 exercebant
893 2223 1064 2318 publicum
1146 2295 1150 2304 ,
1208 2218 1214 2230 ’

8 2309 201 2390 misterium,
232 2334 293 2380 nec
304 2311 606 2398 ,consuetudocum
625 2311 763 2402 conjuge
774 2307 993 2401 prohibebat,
1021 2333 1066 2377 ne

8 2408 111 2465 arent.
150 2391 216 2465 Sed
228 2391 502 2489 respondebimus
515 2392 630 2464 ordine
645 2395 688 2462 ad
703 2392 782 2464 baec
797 2393 818 2461 fi
877 2409 960 2462 enta.
987 2391 1064 2485 Pri-

9 2505 62 2548 rm
88 2475 149 2546 boc
171 2477 268 2546 fateri
288 2489 487 2548 uecesse'est
506 2478 726 2564 adversarios,
758 2503 824 2571 quo
870 2477 1066 2568 conjugium
1108 2481 1139 2497 ’“

33 2563 197 2632 mundum
223 2561 509 2646 incredentibus,
540 2561 622 2656 quia*
644 2580 692 2632 est
712 2562 945 2632 sanctificatum
966 2563 1067 2631 verbo

9 2649 50 2731 ei,
85 2647 229 2730 brocost,
260 2663 308 2718 est
322 2668 373 2718 res
388 2646 476 2740 licita
497 2663 528 2718 et
542 2647 723 2744 approbata
743 2647 946 2734 rerbo‘Dei‚
982 2647 1067 2719 sicut

10 2734 100 2812 oiose
115 2736 435 2826 testatur'scriptura.
480 2733 630 2802 Christus
645 2733 848 2810 euimuocat
872 2734 1065 2825 conjugium

10 2817 231 2889 ‚i'unctionem
252 2817 416 2902 divinam,
454 2842 530 2888 cum
549 2817 611 2887 aits
659 2823 755 2918 Quos
775 2823 863 2888 Deus
887 2817 1068 2919 conjunxit.
1126 2879 1128 2884 ,

24 2848 155 2972 'bantus
168 2901 207 2970 dc
222 2903 376 2994 conjugio
386 2954 410 2989 ,A
427 2903 466 2972 de
482 2902 581 2985 cibis,
610 2919 644 2972 et
657 2903 820 2972 srmilibus
835 2904 931 2972 rebus
945 2903 1068 2997 mquit:

12 2987 219 3056 nctibcantur
232 2999 291 3084 pe'r
304 2989 440 3058 verbum
459 3002 492 3056 nt
506 2987 703 3071 orationem,
732 2985 794 3058 boc
816 3004 882 3068 est,
913 3013 972 3081 per
992 3013 1068 3054 ver-

14 3101 65 3153 m,
87 3095 153 3168 quo
167 3070 364 3140 conscicntia
377 3073 540 3156 fitpcerta,
554 3074 645 3168 quod
655 3078 753 3143 Deus
768 3073 938 3171 approbet,
960 3088 995 3146 et
1009 3095 1069 3164 per

12 3155 170 3236 ationem,
193 3154 254 3227 boc
266 3173 409 3251 cst,'¹per
421 3159 529 3240 fidem,
553 3177 725 3252 quaecum
744 3173 924 3244 gratiarum
940 3155 1079 3226 actione*

12 3264 130 3336 aquam
149 3241 234 3322 dono
249 3239 316 3310 Dei·
326 3243 450 3312 utitur)
470 3248 607 3310 *Item-1
630 3242 780 3310 Corinth.
795 3247 880 3310 vlt>
914 3240 1069 3314 Sanctifi÷

12 3353 63 3396 :ur
78 3324 131 3394 vir
144 3322 285 3395 infidelis
301 3333 504 3422 periuriorem
519 3325 798 3409 fidelemretcrid
813 3343 873 3406 est,
894 3340 976 3394 usus'
988 3335 1074 3395 cone*

13 3409 95 3506 galis
110 3408 220 3478 licitus
233 3424 264 3481 et
279 3427 407 3484 sanctem
419 3427 482 3496 est,
503 3407 638 3506 propter
645 3411 746 3480 'fidem
762 3411 797 3480 iu
815 3408 996 3493 Christum,
1020 3416 1069 3479 si·
1170 3437 1193 3478 .·

13 3528 19 3568 ;
42 3495 170 3564 licitum
188 3511 237 3564 est
251 3495 301 3568 uti
315 3495 405 3580 cibo,
430 3513 508 3566 etc·
534 3496 615 3566 ltein
637 3487 816 3570 111Tim0tb.
832 3501 874 3564 11.
918 3495 1073 3564 Salvator
1141 3521 1143 3528 ·

13 3581 95 3678 ulier
107 3599 168 3674 per
184 3579 332 3650 filiorum
349 3582 590 3674 generationem
607 3598 664 3653 etc.
702 3586 745 3651 si
766 3581 860 3650 talem
882 3580 989 3650 locum
1010 3579 1077 3649 ad-,
1122 3591 1126 3604 ⁸

14 3665 111 3738 rsa'ni
127 3666 167 3732 'de
183 3663 345 3735 'coelibatu
359 3665 673 3766 proferre'possent,
703 3684 775 3742 tum
800 3689 878 3734 vero
895 3665 997 3734 miros
1011 3668 1073 3734 tri·
1123 3696 1125 3702 ¹
1232 3691 1238 3698 ·

14 3750 117 3842 rphos
132 3763 278 3839 agerent.
300 3764 303 3772 ’
321 3750 446 3818 Paulus
462 3751 557 3834 dicrt,¹
588 3751 711 3838 salvari⁸
722 3750 893 3825 mulierem
910 3775 969 3851 per
984 3749 1094 3820 filiu·
1177 3815 1180 3822 .

14 3833 319 3924 mgcnerationem.
353 3835 453 3924 ¹Quid
467 3837 574 3929 p'otuit
590 3837 780 3906 dicicoutra
795 3835 983 3934 bypocrrsin
997 3861 1087 3905 coe--

20 3933 98 3985 atus
116 3916 390 4006 honorificentius,
414 3921 842 4012 quam'mulieremsalvarr
853 3918 936 4022 ipsis
954 3922 1073 4010 conju·-
1110 3977 1113 3984 .

15 4003 105 4100 libus
122 4001 294 4095 operibus,
322 4031 384 4072 usu
395 4005 588 4100 conjugali,
606 4006 764 4099 pariendo
781 4022 813 4074 et
826 4004 960 4100 reliquis
975 4031 1075 4075 oeco-
1126 4035 1154 4069 ·„

15 4085 115 4166 micis
132 4085 271 4156 officiis?
315 4089 407 4176 Quid
434 4105 542 4158 autem
566 4091 664 4160 sentit
690 4091 832 4162 Paulus?
850 4097 861 4158 ss
875 4095 990 4160 Lector
1011 4088 1073 4157 oba·

16 4188 101 4256 ·vet,
136 4171 214 4240 addi
239 4171 370 4260 tidem,¹
392 4199 452 4243 nec
483 4174 762 4247 laudari’offieia·
777 4175 985 4246 oeconomica
1005 4173 1076 4244 sine

16 4285 53 4340 e;
87 4255 118 4326 si
136 4257 333 4370 manserint,
355 4257 492 4362 inquit,
509 4260 632 4346 iu‘bde.
648 4259 840 4360 {Loquitur
851 4261 938 4332 euim
952 4259 992 4329 de
1006 4273 1079 4332 toto·
