2750 4902
374 343 375 346 Ἴ
489 373 733 485 Augustanus
821 381 860 460 “,
1103 403 1151 480 27

53 561 256 633 doctoresiiii
271 560 402 658 templis
419 555 592 654 exigebant
608 561 688 634 haee
704 583 802 656 opera
823 574 981 656 unquam
1003 581 1153 652 uecessa-
1239 575 1242 586 '

53 647 282 719 rium.eultuni
296 648 340 717 ad
355 647 608 743 promerendam
622 645 782 750 gratiam,
811 659 844 721 tt
862 644 1069 723 vehementer
1080 652 1155 743 ‚terss

52 732 168 801 rebant
181 731 406 831 consuiantias,
428 730 551 836 siquid
566 747 769 832 omitterent·
806 729 933 830 Ex'bac
943 751 1155 826 persuasione

55 817 96 888 de
109 816 343 887 traditionibus
357 813 461 886 inulta
473 818 681 888 incommoda
695 843 731 886 in
744 814 891 888 Ecclesia
905 831 1015 886 secuta
1028 828 1117 904 sunt.
1148 851 1152 858 ·

140 899 275 985 Primo,
292 900 465 1000 ¹obscurata
480 918 527 971 est
541 901 688 972 doctrina
701 901 741 970 de
754 898 862 995 gratia
877 897 909 969 e't
923 897 1054 993 justitia
1067 898 1155 986 fidei,
1271 903 1273 908 ’

57 1009 143 1080 quae
159 1001 208 1053 est
222 1009 398 1080 praecipua
413 1007 487 1078 pars
502 985 696 1076 Evangelii,
724 1001 759 1055 et
774 1010 875 1080 quani
891 986 1032 1054 maxime
1054 1007 1074 1052 ο
1100 1011 1158 1055 or·
1177 1051 1179 1056 ,

10 1097 12 1102 ’
57 1078 109 1162 tet
131 1085 237 1138 extare
258 1084 292 1138 et
307 1068 450 1138 eminere
471 1068 505 1138 in
521 1069 684 1153 Ecclesia,
704 1086 743 1142 ut
761 1069 916 1140 meritum
933 1067 1058 1158 Christi
1073 1009 1159 1141 bene

59 1159 291 1244 cognoscatur,
320 1169 353 1232 et
374 1154 473 1238 fides,
502 1179 587 1250 quae
608 1155 718 1225 credit
729 1155 854 1226 remitti
874 1171 1002 1249 peccata
1047 1172 1159 1250 roptei·
1253 1235 1254 1244 ἵ
1348 1159 1362 1251 Ι·

61 1237 248 1324 Christum,
271 1237 367 1332 longe
385 1262 485 1332 supra
502 1239 807 1334 operasrolloe‘etur,
851 1243 963 1328 Quare
986 1178 1157 1311 etlaulus

57 1321 96 1392 in
108 1321 195 1392 hune
210 1321 319 1393 locum
338 1322 672 1408 maximeincumbit,
695 1324 800 1426 legem
827 1341 859 1394 et
880 1323 1071 1396 traditiones
1092 1323 1159 1392 bu'-
1217 1379 1221 1391 .

10 1439 14 1458 i
57 1431 173 1476 manas
195 1421 356 1492 removet,
385 1421 424 1476 iit
453 1409 610 1500 ostendat,
627 1409 790 1510 justitiam
815 1408 1034 1479 Christianam
1068 1408 1160 1480 aliud

59 1491 219 1587 quiddam
233 1517 314 1576 esse,
336 1516 434 1588 quam
445 1493 637 1586 hujusmodi
653 1519 751 1588 opera
784 1492 1053 1578 videlicetlidem,
1076 1519 1160 1588 quae

60 1577 165 1648 credit
206 1593 311 1648 eccata
325 1577 426 1670 gratis
440 1577 563 1670 remitti
577 1596 711 1675 propter
726 1543 907 1650 Cbristum.
941 1584 988 1648 At
1002 1578 1082 1650 baec
1098 1579 1160 1648 do-
1189 1604 1205 1640 ·,

60 1660 165 1732 ctrina
172 1601 269 1732 tlaut
277 1673 371 1761 ‘pene
387 1677 454 1732 tota
469 1687 623 1759 oppressa
637 1679 686 1733 est
701 1691 761 1759 per
776 1663 980 1745 traditiones,
1004 1688 1088 1758 quae
1101 1689 1170 1758 pe-.

59 1762 217 1903 pererunt
232 1763 437 1844 opinionem,
458 1750 553 1842 quod·
562 1775 624 1844 per
640 1749 828 1820 discrimina
842 1748 1000 1830 ciborum,
1020 1765 1052 1818 ct
1068 1747 1162 1816 simi·
1210 1765 1217 1814 ἰ

27 1909 31 1918 ι
78 1855 112 1900 es
128 1831 251 1913 cultus,
273 1846 423 1924 oporteat
438 1832 557 1903 mereri
570 1833 709 1926 gratiam
727 1850 760 1904 et
770 1831 943 1928 justitiam.
984 1839 1023 1902 ln
1045 1833 1163 1928 poeni-
1215 1871 1218 1878 .
1277 1849 1279 1858 ’

63 1916 168 1987 tentia
182 1915 275 1985 nulla
289 1915 522 1998 mentioliebat
537 1919 577 1988 de
586 1917 674 2004 lide,
707 1934 836 1988 tantuin
851 1917 931 1989 baec
945 1941 1045 2021 opera
1065 1916 1164 1988 satis-

61 2000 203 2101 factoria
226 2001 510 2096 proponebantur,
545 2005 581 2074 in
604 2001 656 2074 liis
671 2003 850 2084 ‘videbatur
872 2001 1074 2100 poenitentia
1094 2017 1165 2071 tota
1249 2059 1251 2068 .

82 2101 247 2156 onsistere'.

63 2115 82 2160 c
113 2255 122 2270 ·
150 2168 310 2270 Secundo,
336 2169 397 2242 bae
420 2171 611 2242 traditiones
631 2173 891 2248 obscuraverunt
899 2165 1072 2278 praecepta
1089 2171 1187 2255 Deis
1221 2227 1223 2232 ,
1329 2237 1333 2244 .

65 2279 144 2354 quia
157 2255 351 2327 traditiones
364 2256 461 2348 longe
476 2257 744 2352 praeferebantur
759 2259 940 2354 praeceptis
955 2265 1019 2332 Dei
1028 2267 1043 2337 ς’·
1066 2256 1168 2350 Cbri7
1283 2323 1284 2328 ,
1349 2285 1353 2292 ·

65 2337 257 2412 stianismus
276 2355 364 2411 totus
385 2342 561 2436 putabatur
581 2367 649 2412 esse
672 2341 857 2431 observatio
880 2359 1042 2414 certarum
1064 2342 1170 2412 feria·
1272 2351 1274 2356 ’
1311 2355 1313 2370 “

66 2451 162 2508 rum,
193 2424 337 2508 rituum,
374 2424 778 2518 jejuniorumpvestitus.
827 2431 899 2502 Hau
927 2427 1175 2500 observationes

67 2521 163 2582 'erant
178 2507 213 2577 in
221 2507 423 2603 possessione
438 2507 661 2582 honestissimi
675 2511 775 2596 tituli,
792 2513 883 2607 quod
895 2530 1004 2598 essent
1016 2513 1085 2582 vita
1098 2511 1169 2606 spi-

66 2593 201 2666 ritualis
217 2611 249 2663 et
263 2591 332 2678 vita
368 2593 498 2684 erfecta.
542 2595 677 2668 Interim
699 2599 851 2668 mandata
873 2599 938 2668 Dei
956 2601 1048 2692 juxta
1063 2619 1186 2666 'voca-‘r

66 2619 480 2754 'tionem‘nullamlaudem
498 2677 680 2765 habebant,
709 2684 799 2774 quod
820 2682 1061 2777 paterfamilias
1080 2681 1171 2752 ‘edu-

68 2766 163 2842 cabat
177 2762 344 2848 sobolem,
365 2765 455 2860 quod
469 2780 574 2834 mater
621 2767 762 2853 ariebat,
790 2767 879 2862 quod
900 2768 1052 2866 princeps
1072 2792 1169 2860 rege-
1206 2781 1209 2788 '

68 2851 127 2950 liat
140 2847 394 2944 rempublicam,
423 2848 503 2919 baec
521 2791 723 2944 putabantur
746 2879 816 2926 esse
837 2877 858 2921 o
882 2879 942 2925 era·
956 2853 1122 2924 mundana
1139 2866 1178 2920 et
1279 2887 1283 2900 ·

69 2933 281 3026 imperfecta,
302 2949 336 3004 et
354 2931 451 3027 lunge
468 2933 630 3008 deteriora
645 2935 713 3006 illis
734 2877 912 3036 splendidis
932 2936 1174 3010 observationi-

70 3019 145 3088 bus.
160 3019 222 3086 ·Et
233 3015 286 3087 bic
301 3043 393 3088 error
406 3017 498 3088 valde
512 3020 669 3090 cruciavit
679 3021 751 3116 pias
767 3023 989 3108 conscientias,
1010 3046 1096 3118 quae
1112 3023 1172 3090 do-

72 3100 187 3200 lebant
212 3126 255 3200 se·
268 3099 371 3171 teneri
392 3102 442 3185 ,im
466 3103 692 3176 erfectonitae
713 3121 851 3200 genere,
881 3110 916 3178 in
940 3109 1037 3210 conju
1061 3107 1119 3190 io,
1138 3105 1173 3174 iii
1229 3131 1231 3136 ’

71 3184 340 3286 magistratibus,
360 3202 417 3286 aut
433 3130 507 3258 aitis
531 3188 940 3277 functionibus-civilibus,
968 3133 1175 3263 mirdiantur

71 3269 300 3344 Monacbosst
313 3270 456 3356 similes,
478 3287 511 3344 et
531 3271 615 3348 falso
639 3277 798 3373 putabant
816 3277 952 3350 illorum
974 3275 1175 3350 observatio-

73 3350 219 3426 nesDeo
232 3371 391 3458 grenones
407 3381 487 3456 usse.
795 3431 797 3436 ,
1332 3427 1339 3437 ,

158 3445 293 3538 Tertio,
315 3439 507 3512 traditiones
520 3443 700 3528 attulerunt
712 3473 831 3552 magna
843 3447 988 3545 pericula
1010 3447 1176 3518 conscien-
1210 3465 1230 3511 ·.
1343 3507 1348 3520 ,

75 3526 149 3607 tiis,
171 3527 475 3679 ‹puia'impossibile
490 3546 559 3598 erat
574 3554 685 3602 omnes
701 3535 896 3607 traditiones
911 3547 1176 3630 servare,„et.ta-

62 3629 150 3687 'meri
174 3627 177 3634 “
198 3633 325 3678 omines
353 3613 596 3684 arbitrabantur
623 3615 683 3687 has
710 3619 948 3706 observationes
978 3637 1177 3690 necessarios
1268 3627 1269 3632 ’
1337 3650 1340 3658 v

76 3722 145 3764 esse
160 3693 277 3766 cultus.
308 3697 449 3766 *Gerson
465 3698 593 3783 scribit,
615 3701 738 3775 multos
756 3703 909 3776 incidisse
924 3704 960 3773 iii
974 3701 1178 3796 desperatio-

76 3805 170 3862 nem,
201 3779 361 3876 quosdam
376 3785 473 3857 etiam
484 3783 707 3884 sihimortpm
730 3789 944 3873 conscivisse,
966 3791 1045 3886 quia
1066 3809 1178 3856 sense*

13 3877 14 3882 ’
78 3879 173 3963 rant,
189 3889 224 3934 se
239 3890 308 3934 non
345 3891 417 3936 osse
431 3868 616 3942 satisfacere
633 3873 883 3957 traditionibus,
904 3886 940 3945 et'
951 3871 1085 3943 interim
1099 3892 1180 3944 cou-

78 3947 310 4048 solationemii
376 3975 410 4022 ni
425 3953 466 4051 de
480 3952 604 4046 justitia
616 3954 693 4028 fidei
709 3977 742 4031 et
755 3960 795 4030 de
808 3958 913 4056 gratia
925 3956 1107 4032 audierant.
1164 3960 1166 3966 ’

163 4034 324 4103 Videmus
338 4039 534 4110 summistae
549 4056 583 4109 et
598 4041 787 4138 Theologos
803 4043 959 4138 colligere
974 4039 1181 4122 traditiones,
1265 4103 1268 4114 .
1326 4116 1337 4133 ἱ

27 4191 31 4202 ,
79 4134 111 4188 et
132 4141 289 4218 quaerere
309 4123 495 4206 ἰπιεικείας,
524 4141 561 4194 ut
575 4125 929 4213 levent'eonscieiitias,
954 4127 1114 4199 nonsatis
1131 4141 1181 4196 ta-
1231 4180 1237 4190 ,

78 4229 156 4302 men
169 4203 364 4308 erpediunt,
384 4209 442 4278 ‘sed
457 4207 621 4284 interdum
640 4216 745 4318 magis
769 4213 923 4310 injiciunt
944 4213 1080 4308 laqueos
1101 4233 1183 4280 eon-

13 4319 14 4322 *
79 4305 236 4392 strenuis.
279 4291 326 4366 Et
339 4290 375 4366 ln
389 4293 576 4388 colligendis
592 4299 823 4374 traditionibus
836 4298 1030 4374 inruerunt
1042 4319 1182 4391 occupa<
