2610 4892
169 299 300 402 ⁴,dort‘
344 256 352 271 =
385 293 395 308 “
507 361 510 370 .
552 302 804 388 catechismus
822 305 955 402 major.

164 548 166 554 .
200 502 400 578 crementum
414 487 450 554 fit
466 499 565 580 atque
581 483 796 569 discernitur,
818 509 860 556 ne
881 499 1008 556 unum
1021 482 1209 580 'simpliciter
1219 506 1265 576 pa-

63 647 68 658 ,
203 573 256 644 nis
274 585 305 642 et
316 570 483 661 visumst),
505 571 562 640 sed
578 569 703 642 Christi
711 597 830 664 corpus
841 583 872 646 et
882 569 1015 661 sanguis
1030 571 1086 652 sit,
1107 592 1143 640 ac
1158 567 1266 638 dicatur.

111 677 116 691 “
202 663 274 726 Nos
291 656 378 724 enim
390 655 566 746 Augustini
579 655 685 726 verhis
701 655 946 743 subscribimus,
967 655 1013 724 ita
1026 653 1173 724 dicentis:
1191 659 1267 722 Acce·

205 741 261 812 dat
276 741 422 809 Verbum
437 742 477 810 ad
493 739 722 822 Elemeutum,
746 757 778 810 et
793 743 830 810 fit
845 745 1100 816 Sacramentum.
1142 743 1206 808 Hoc
1218 742 1266 804 au-

178 825 181 833 ’
205 825 329 917 gustini
352 826 487 896 verbum
509 841 577 894 tam
592 825 728 930 propiie
754 843 786 895 et
807 849 953 919 expresse
970 823 1093 896 dietum
1110 839 1172 907 est,
1190 821 1269 892 utris

154 989 158 996 ¹
187 910 296 984 aliud
312 909 428 980 dixerit
446 909 653 1004 praeclarius.
698 911 827 992 Virtute
849 910 939 980 vorbi
955 912 1159 980 elementum
1179 910 1210 976 lit
1226 911 1269 974 Sa-

207 1011 425 1078 cramentum,
456 995 546 1064 'citra
567 999 659 1086 cujus
683 995 897 1066 accessionem
926 1019 993 1065 nou
1016 995 1082 1063 nisi
1103 994 1270 1068 elementum

205 1096 327 1166 manet,
367 1077 587 1150 Jamhocuou
603 1097 651 1150 est
665 1079 801 1172 alicujus
818 1079 977 1182 Principis
992 1095 1050 1148 aut
1064 1076 1220 1158 Caesaris,
1234 1076 1271 1144 scd

206 1164 437 1258 omnipotentis
449 1165 508 1233 Dei
518 1167 652 1238 verbum
662 1181 692 1235 et
704 1165 878 1246 institutio,
896 1189 946 1234 cur
957 1163 1074 1237 merito
1086 1169 1195 1235 omues
1209 1185 1272 1231 crea-

210 1264 301 1318 turae
318 1251 476 1331 dehebant
491 1253 532 1320 ad
545 1251 644 1355 pedes
660 1250 801 1320 accidere
816 1267 913 1344 atque
926 1247 1088 1331 assentiri,
1120 1254 1165 1318 ita
1178 1274 1208 1317 sc
1227 1273 1272 1314 ren

112 1349 123 1368 ⁰
188 1405 190 1410 ,
207 1333 338 1413 hahere,
355 1333 439 1402 sicut
455 1335 534 1415 dicit
547 1361 633 1429 ipse,
652 1333 809 1428 omnique
825 1335 1018 1418 reverentia,
1042 1351 1135 1404 metu
1151 1349 1181 1402 et
1193 1331 1272 1399 honi-

209 1417 298 1489 litate
318 1418 397 1488 illud
421 1421 574 1514 accipere.
625 1425 695 1490 Hoc
711 1418 810 1490 verbo
828 1417 1041 1507 conscientiae
1062 1436 1139 1487 tuae
1158 1415 1272 1486 imbecil-

210 1501 335 1572 litatem
350 1505 541 1574 consrrmare
553 1521 644 1599 potes
662 1505 835 1574 aedicere:
860 1505 988 1576 etiamsi
1012 1503 1158 1575 infinitae
1177 1501 1273 1571 uiato-

209 1587 319 1660 lorum
337 1589 498 1681 myriades
523 1612 676 1660 unacum
700 1589 852 1663 omnihus
873 1587 1062 1658 Suermeris
1079 1615 1146 1658 uuo
1165 1611 1217 1657 ore
1233 1589 1273 1679 in3

128 1703 132 1712 ·
209 1673 453 1766 pudentissimo
470 1675 688 1758 affirmarent,
712 1677 876 1774 quomodo
892 1677 1035 1768 pauis'et
1052 1673 1167 1741 vinum
1184 1669 1274 1739 Christ

211 1781 328 1851 corpus
343 1759 515 1848 etsangois
530 1779 599 1829 esse
607 1766 768 1860 possunt?
785 1777 841 1828 ete.
858 1776 968 1828 tamen
976 1776 1180 1852 compertum
1192 1755 1274 1830 habeo,

214 1864 326 1914 omnes
348 1845 389 1912 ad
402 1869 514 1920 ,unum
535 1844 669 1938 spirltus
693 1861 725 1914 et
749 1846 859 1914 doctos
878 1869 944 1912 non
964 1842 1214 1914 tanta‘erculus
1233 1862 1275 1906 esse

213 1926 385 2026 prudentia
409 1945 505 2020 atque
522 1928 755 2018 intelligentia,
780 1946 900 2024 quanta
925 1933 1032 1996 Deum'
1055 1926 1274 2020 omnipotentem

132 2031 135 2038 ’
213 2012 268 2079 vel
283 2013 317 2078 in
331 2011 466 2100 minimo
483 2013 622 2104 digitulo
638 2013 744 2084 valere
758 2021 846 2083 certo
864 2013 942 2084 scio.
992 2019 1069 2081 Jam
1089 2009 1144 2082 hic
1164 2031 1275 2104 expresse

183 2183 186 2194 Ι
216 2093 341 2166 Christi
362 2099 496 2196 verhum
523 2100 675 2200 ponitur:
709 2095 872 2194 Accipite,
903 2097 1005 2180 edite,
1035 2095 1099 2166 hoc
1119 2113 1168 2166 est
1193 2113 1275 2187 corpus

107 2217 112 2236 ·
137 2229 139 2236 ·
174 2217 183 2229 ,.
214 2205 339 2260 meum;
364 2181 467 2250 bibite
485 2199 523 2251 ex
538 2184 600 2254 hoc
617 2210 748 2266 omnes,
776 2183 831 2254 ,hic
850 2199 898 2254 est
910 2182 1002 2252 ¹calin
1018 2182 1097 2250 novi
1114 2187 1276 2261 'restaurent

215 2265 251 2334 iu
268 2291 342 2334 meo
354 2268 521 2356 sanguiue,
536 2286 595 2340 etc.
617 2277 656 2338 In
669 2269 853 2338 haecrerba
865 2267 1005 2362 pedihus
1017 2266 1115 2345 imus,
1132 2265 1212 2334 hisce
1225 2286 1277 2358 cou-

216 2365 341 2450 stanter
357 2351 588 2438 adhaeremus,
610 2354 809 2448 perlibenter
825 2379 880 2423 eos
902 2354 1021 2434 visuri,
1051 2352 1185 2446 quisue
1203 2371 1277 2432 magt·

217 2452 317 2504 steno
348 2436 518 2507 Christum
538 2439 635 2508 aliter
666 2441 807 2508 audeant
834 2439 965 2522 doecre,
999 2453 1056 2506 aut
1077 2437 1175 2505 aliter
1196 2435 1277 2506 saeue,

133 2521 135 2530 '
216 2536 318 2615 atque
335 2524 404 2614 ipsc
422 2521 550 2592 locutus
567 2541 623 2595 est.
668 2529 739 2594 Hoc
755 2525 907 2618 equidem
931 2547 996 2591 non
1018 2521 1229 2590 inficiabimur
1245 2541 1278 2580 u-

217 2631 293 2674 rum
316 2631 401 2686 esse,
425 2606 454 2675 si
475 2609 608 2677 uerbum
630 2609 775 2690 auferas,
819 2625 876 2677 aut
915 2608 985 2677 sine
1022 2625 1060 2676 eo
1097 2607 1159 2676 hot
1195 2610 1277 2696 Sacas

150 2713 152 2723 ’
218 2693 365 2758 mentum
388 2690 563 2774 intuearis,
583 2711 711 2786 praeter
733 2719 862 2762 merum
891 2717 1009 2788 panem
1038 2715 1075 2762 ac
1095 2692 1205 2758 vinum
1224 2679 1276 2754 nht

220 2773 283 2843 tihi
308 2799 498 2844 mansurum
519 2776 659 2870 reliqui,
688 2779 743 2848 sed
764 2777 871 2847 verbis
891 2795 956 2860 uua
977 2803 1052 2849 cum
1076 2776 1155 2844 vino
1178 2791 1207 2846 et
1226 2791 1277 2863 pant

93 2921 96 2928 ,
172 2873 199 2950 ᾗ
219 2859 444 2957 manentibus,
474 2860 558 2930 sicut
576 2863 670 2937 debet
691 2878 723 2932 et
738 2863 976 2956 oportet,⁴tum
1000 2877 1125 2932 constat
1146 2860 1203 2929 illa
1219 2875 1278 2947 vcra(

128 3017 133 3024 ,
158 2958 162 2968 “
221 2955 301 3014 citer
321 2968 389 3014 esse
408 2945 532 3027 Christi
546 2971 662 3042 corpus
677 2948 930 3036 etsanguinem.
952 2945 1044 3016 Sicut
1060 2946 1149 3016 enim
1165 2959 1198 3014 os'
1214 2941 1278 3034 chq

221 3028 266 3098 sti
281 3029 359 3130 dicit
376 3048 412 3100 ae
429 3031 597 3126 loquitur,
619 3033 664 3102 ita
678 3057 812 3128 quoquc
828 3047 893 3116 est,
922 3045 962 3102 'ut
982 3033 1042 3128 qui
1057 3057 1163 3126 neque
1186 3039 1278 3108 meatu

222 3131 316 3184 novit
333 3143 373 3185 ne
400 3141 439 3184 ue
455 3115 580 3187 fallere.
668 3131 669 3134 ’
902 3171 903 3176 1
974 3197 975 3202 γ

199 3225 204 3234 ·
238 3215 242 3222 ’
305 3203 357 3269 Ei
377 3142 428 3270 iis
448 3203 520 3302 jam
550 3200 646 3272 haud,
663 3202 837 3283 difficulter
858 3203 1054 3297 respondere
1083 3217 1242 3298 possumus
1257 3185 1278 3284 tl

224 3287 331 3354 omnis
346 3312 474 3378 genens
491 3289 712 3381 quaestiones,
737 3289 855 3384 quibus
874 3289 942 3378 jam
962 3289 1085 3382 passim
1112 3283 1203 3354 multi
1215 3273 1277 3368 sollis

221 3367 378 3454 citantur,
402 3396 542 3464 quarum
557 3397 621 3441 una
638 3374 718 3442 haec
734 3383 899 3454 cst,'num
919 3372 1110 3464 profligatae
1125 3383 1278 3468 quoquest·

223 3468 274 3523 tae
297 3457 443 3526 sacerdos
463 3461 709 3528 Sacramentum
721 3457 906 3528 ministrare
926 3473 985 3526 ¹am
995 3473 1133 3528 tractare
1148 3451 1249 3549 possit?
1263 3453 1279 3507 a

225 3539 399 3630 ejusmodi.
460 3541 631 3640 Siquidem
652 3543 704 3614 hic
729 3569 789 3613 nos
812 3543 858 3614 ita
880 3541 1125 3624 concludimus,
1161 3538 1278 3626 dicente&

227 3627 429 3719 Quanquam
452 3627 573 3699 nebulo
595 3627 831 3724 perditissimus
852 3632 1103 3698 Sacramentum
1126 3623 1194 3694 aliis
1213 3635 1279 3709 urol-

226 3724 330 3793 stret,
352 3728 410 3780 aut
424 3714 493 3807 ipse
510 3730 635 3797 sumat,
658 3729 765 3782 tamen
781 3711 999 3783 nihilominus
1016 3693 1278 3782 §romanumfl-

226 3793 296 3862 lum
318 3821 465 3880 sumere,
493 3796 555 3868 hoc
576 3815 640 3880 est,
671 3798 794 3870 Christi
818 3813 990 3890 corpus'et
1013 3796 1214 3887 sanguinem,
1237 3801 1277 3885 {¹⁰1¹

227 3903 318 3948 secus
342 3895 440 3974 atque
464 3882 503 3964 is,
536 3881 593 3976 qui
618 3884 767 3954 onmium
786 3881 1058 3966 reverendissime
1080 3897 1111 3952 et
1135 3877 1277 3973 digprsuut

227 3965 380 4036 sumserit
396 3969 665 4036 auttrtieta'verit:
697 3967 907 4063 nequeenim
933 3967 1076 4053 humana
1097 3971 1277 4036 sanctimonia

220 4051 286 4150 sed
301 4050 400 4121 verbo
416 4053 482 4121 Dei
495 4051 611 4121 nititur
625 4053 718 4122 illud.
761 4059 806 4124 Et
820 4051 1099 4148 quemadmodum
1113 4045 1209 4120 nullus
1226 4059 1276 4106 sau

264 4240 288 4305 ')
305 4237 457 4311 Μαῖα-αι
474 4245 606 4314 riuum]
625 4239 727 4313 Vulgo}
746 4245 860 4322 riuum
881 4254 912 4298 οἱ
929 4258 1019 4310 ’(1Ώῦ
1038 4202 1059 4298 i*
1101 4289 1105 4299 ·
