2618 4902
303 325 355 419 ‘¹
426 317 686 420 consessionis.
930 297 933 308 ’
1035 341 1103 416 127
1164 365 1169 372 ·

22 497 237 592 puaestiones,
268 453 457 594 quesnelli
482 498 646 600 Theologi
676 521 822 594 unquam
845 475 929 569 satis
944 457 1105 602 explicare
1165 505 1172 520 ‘

22 595 193 684 ‚otuerunt
225 583 385 678 ¹Populos
401 611 510 684 neque
527 611 580 655 rer
604 608 775 683 summam·
791 582 973 683 complectp¹
984 588 1105 692 potuit,

21 694 60 740 ec
76 669 194 755 videre,
219 693 303 766 quae
320 695 492 769 praeupue
507 671 751 772 requirerentur
765 696 800 738 nr
814 685 1030 772 poeprtentra,
1045 671 1105 742 ubi

21 754 191 850 [uertenda
210 769 375 853 essetnpax
387 773 608 826 consmemrae.
650 754 795 826 Prodcat
812 757 907 826 nobis
929 753 1048 852 aliquis
1056 765 1104 827 *ex

20 841 216 925 ¹‘dversariim
247 864 305 933 qur
329 839 434 922 dicat,
500 840 611 910 nando
635 841 692 910 fiat
713 837 862 908 remissio
887 857 1139 934 peccaturum.0

20 933 99 994 lonc
117 929 225 1010 Deus,
302 942 398 995 antae
414 864 566 998 tentilrrae
585 931 683 995 sunt?
725 923 905 1007 Dubitant‚
934 941 1045 994 utrum
1066 927 1103 998 in

19 1003 191 1095 ttritione,
221 1036 259 1080 ve
291 1009 326 1077 in
342 1009 538 1082 contritione
552 1012 610 1080 fiat
623 1008 772 1080 remissio
816 1025 1013 1084 eccatorum.
1055 1015 1104 1082 Et
1156 1045 1163 1061 ¹

22 1095 87 1196 ilit
100 1111 231 1190 propter
245 1093 493 1195 contritionem,
517 1095 598 1191 quid
619 1111 763 1190 opusest
822 1093 999 1178 solutione,
1044 1085 1104 1165 lrid

18 1197 75 1270 tgrt
88 1196 230 1274 potestas
246 1179 404 1279 clavium,
438 1207 467 1250 s1
480 1196 647 1274 peecatum
660 1182 729 1272 jam
743 1195 792 1248 cst
808 1179 1002 1252 remissum?
1075 1181 1104 1251 'c
1205 1249 1208 1258 ,

18 1291 81 1334 ero
96 1265 203 1336 multo
216 1269 436 1358 magisetram
455 1267 590 1348 sudant,
619 1281 652 1333 et
664 1280 857 1358 potestatem
878 1262 1018 1334 clavium
1035 1266 1103 1338 im'-

17 1350 56 1420 »ie
70 1367 260 1434 extenuant,
290 1349 348 1420 alii
362 1351 546 1433 somniarit,
573 1365 733 1442 potestate
750 1347 886 1418 clarium
901 1359 968 1420 non
980 1351 1104 1424 remitti

1130 1253 1136 1263 ⁸
1159 1255 1163 1268 ι

1117 1352 1151 1389 θ’,

17 1435 148 1528 :ulpam,
173 1435 232 1505 sed
250 1435 374 1506 mutari
386 1455 509 1529 poenas
522 1451 669 1507 aeternas
684 1435 720 1504 in
734 1432 940 1539 temporales.
982 1442 1030 1505 Ita
1045 1461 1103 1508 sa·
1217 1455 1223 1462 '

16 1522 184 1590 uberrima
198 1537 341 1615 potestas
358 1536 442 1590 esset
458 1520 681 1590 ministerium
698 1544 770 1592 non
786 1536 872 1590 vitae
900 1535 933 1590 et
954 1521 1102 1614 spiritus,

18 1607 62 1676 ed
75 1622 202 1676 tantum
215 1605 283 1676 irae
298 1621 330 1675 et
343 1629 536 1706 poenarum.
578 1603 650 1674 Alii
668 1604 826 1676 ,videlieet
850 1605 1011 1675 cautiores
1033 1605 1101 1676 fin-

15 1707 89 1778 ,runt
103 1706 260 1784 potestate
276 1688 418 1760 cla'vrum
430 1690 557 1761 remitti
572 1707 704 1794 peccata
722 1715 833 1761 eoram
851 1687 1010 1774 Ecclesia,
1032 1715 1102 1760 non

15 1799 116 1846 :oram
131 1781 215 1845 Deo.
250 1773 313 1846 Hic
327 1800 458 1871 quoque
469 1774 673 1872 perniciosus
687 1801 780 1846 error
797 1791 855 1845 est.
885 1779 973 1850 Nam
987 1773 1017 1844 si
1034 1801 1101 1870 po·-

14 1877 102 1930 estas
117 1858 259 1930 clavium
275 1885 341 1930 non
355 1861 544 1932 consolatur
558 1886 618 1932 nos
633 1886 742 1930 coram
748 1865 844 1940 Deo,
858 1885 942 1956 quae
957 1885 1010 1930 res
1026 1878 1102 1931 tan-

14 1947 78 2014 lem
101 1945 215 2016 reddet
236 1941 386 2041 pacatam
408 1945 658 2020 conscientiam?
701 1953 786 2016 Jam‘
804 1945 866 2016 illa
892 1961 972 2016 sunt
995 1946 1101 2046 magis
1148 1975 1154 1984 ·

13 2030 113 2130 etiarn·
128 2030 291 2131 perplexa.
334 2037 463 2102 Docent
485 2045 546 2104 nos
569 2029 769 2103 ‘contritione
796 2029 916 2100 mereri
946 2048 1108 2118 gratiam..

13 2115 70 2186 Jti
86 2141 115 2184 sr
131 2142 205 2211 ans
221 2133 422 2204 mterroget,
452 2142 553 2214 quare
567 2115 664 2200 Saul,
682 2116 830 2210 dudae,¹
840 2132 872 2185 et
888 2115 1013 2186 similes
1030 2141 1100 2196 non
1131 2156 1134 2160 ·
1226 2156 1230 2167 x

14 2217 243 2294 onseqnantur
280 2205 449 2293 gratiam,
490 2201 549 2303 qni
585 2201 791 2273 horribiliter
829 2201 961 2272 contriti
1000 2210 1100 2272 sunt?
1202 2251 1207 2258 -

12 2286 63 2354 lic
87 2287 128 2355 de
151 2287 232 2370 lide,
271 2288 368 2358 etde
391 2287 571 2379 Evangeho
597 2287 861 2388 respondendum
883 2303 970 2368 erat,
1007 2287 1101 2381 quod

11 2371 106 2439 ludas
127 2377 194 2441 n6n
216 2372 407 2458 crediderit,
436 2398 503 2443 non
526 2391 663 2448 erexerit
690 2398 725 2442 se
746 2370 929 2470 Evangelio
961 2385 993 2440 et
1016 2397 1101 2472 pro-
1215 2391 1228 2426 a

11 2455 159 2526 nissione
196 2455 331 2528 Christi.
381 2459 481 2530 Fides
509 2460 604 2530 “enim
634 2458 776 2528 ostendit
810 2456 986 2526 discnmen
1013 2472 1101 2546 mter

11 2539 235 2612 ontritionem
253 2545 362 2614 Judae
374 2560 407 2620 m
422 2544 535 2615 Perit
566 2551 693 2614 Verum
707 2541 887 2614 adtcrsarii
901 2542 940 2612 (le
956 2541 1028 2632 lege
1043 2560 1100 2610 rt-

11 2627 185 2722 pondent,
216 2629 305 2722 quod
319 2630 425 2699 Juda's
448 2655 516 2700 non
538 2628 686 2699 dilexerit
706 2634 836 2713 Deum,
865 2627 923 2697 sed
950 2623 1100 2698 timuerit

11 2736 132 2782 tecnas.
176 2715 321 2814 (Quando
344 2731 454 2804 autem
476 2714 589 2786 territa
612 2713 825 2797 conscientia,
847 2710 1041 2807 praesertim
1060 2711 1098 2781 in

11 2797 114 2878 eriis,
137 2823 225 2868 veris
241 2815 274 2868 et
289 2798 354 2870 illis
369 2801 499 2892 magnis
512 2799 711 2883 terroribus,
764 2799 798 2866 ui
818 2795 1047 2868 describuntur
1061 2797 1099 2866 in

11 2867 144 2952 ’saluii
171 2905 208 2952 ac
228 2884 416 2980 prophetis,
458 2903 490 2956 et
517 2897 600 2981 quos
630 2901 714 2956 certe
740 2823 764 2955 d

11 2991 76 3060 'ere
91 2981 340 3050 convertimur,
371 2971 518 3060 judicare
539 2970 681 3064 poterit,
704 2985 815 3039 utrum
831 2975 941 3036 Deum
962 2983 1098 3062 propter

11 3075 29 3120 e
48 3063 192 3146 timeat,
212 3075 255 3118 an
269 3052 376 3143 fugiat
390 3059 692 3151 aeternas-poenas?
730 3055 780 3124 -tti
794 3051 906 3145 magni
926 3068 1035 3121 motus
1049 3051 1096 3120 li-

11 3158 76 3204 errs
91 3150 125 3203 et
139 3133 304 3207 vocabitis
321 3137 459 3208 discerni
471 3158 626 3236 possunt,
647 3140 771 3236 reipsa
786 3137 915 3209 nonita
930 3136 1096 3205 divellun-
1185 3169 1194 3184 =

766 2895 914 2977 egustant
936 2881 1010 2966 isti,
1039 2882 1098 2978 qui
1133 2927 1135 2934 ·

11 3245 64 3300 ur,
86 3233 124 3288 ut
136 3217 191 3288 isti
209 3245 322 3290 suares
337 3223 509 3316 Sophistne
525 3225 698 3296 somniant.
741 3222 811 3325 Hie
819 3219 1021 3318 appellamus
1037 3224 1096 3313 ju·
1139 3271 1141 3278 ·

11 3304 81 3374 ici'a
114 3304 264 3386 omniurn
286 3305 454 3378 bonorum
478 3327 511 3380 et
532 3305 718 3412 sapientum
741 3335 897 3378 virorum.
941 3307 986 3376 Hi
1005 3305 1097 3378 haud

11 3391 96 3488 ubic
111 3390 317 3491 fatebuntur,
348 3390 409 3462 has
426 3393 664 3488 disputationes
688 3394 776 3489 apud
798 3392 1002 3478 adversarios
1016 3418 1096 3488 per-

11 3475 200 3544 lexrss'unas
216 3476 524 3548 etintricatissiruas
538 3505 618 3548 esse.
660 3483 708 3549 Et
727 3497 838 3548 tammr
861 3477 970 3580 agitur
992 3478 1032 3547 de
1057 3503 1096 3548 re

11 3559 155 3643 caxirna,
184 3562 415 3656 ‹le-praecipuo
432 3563 608 3654 Evangelii
626 3561 718 3648 loco,
756 3561 795 3634 de
808 3587 1001 3639 remrssrone
1015 3587 1095 3655 pec·
1212 3595 1216 3608 ¹

11 3661 154 3722 storum·
198 3652 282 3716 Tota
302 3646 381 3718 hacc
402 3649 614 3718 doctrinade
638 3647 689 3718 bis
713 3646 997 3744 quaestionibus,
1012 3671 1094 3742 quas

11 3730 236 3828 epensuimus,
264 3733 353 3826 apud
367 3734 575 3804 adversarios
593 3732 689 3832 plena
707 3753 756 3806 est
772 3755 920 3804 errorum
942 3749 975 3802 et
984 3733 1094 3834 hypo·
1140 3817 1142 3819 ,

10 3836 101 3895 usis,
130 3831 162 3884 et
177 3816 329 3892 obscurat
341 3817 537 3889 beneficium
554 3817 701 3906 Chrrsti,
730 3835 923 3914 potestatem
941 3815 1097 3903 clavium,
1146 3915 1148 3923 J

11 3929 12 3960 1
28 3897 200 3989 justiliam?
216 3902 304 3972 fidei.
385 3950 388 3960 ·

78 3985 170 4053 Haec
189 3985 271 4055 fiunt
288 3986 325 4056 in
344 3987 453 4080 primo
477 4005 560 4060 actu.
605 3987 699 4078 Quid
721 4011 795 4056 cum
816 3999 951 4058 ventum
975 4001 1025 4059 est
1042 3990 1093 4062 tad

11 4067 262 4142 confessionem?
291 4073 528 4160 Quantumibi
541 4074 666 4170 negotii
682 4070 780 4143 estin
796 4069 853 4142 illa
865 4073 995 4146 infinita
1008 4101 1090 4146 enu-

11 4153 171 4226 eratione
186 4172 412 4244 peccatorum,
435 4183 518 4254 quae
540 4167 650 4232 tamen
665 4181 839 4248 magnaper
855 4176 948 4262 parte
969 4185 1090 4228 consu-

11 4241 91 4312 itur
112 4238 149 4312 in
163 4239 391 4314 traditionibus
411 4243 602 4338 humanist.
628 4250 672 4316 Et
694 4266 761 4340 quo
777 4268 888 4336 ,magis
908 4245 1090 4329 crucientur

478 4466 482 4482 Ι
589 4433 605 4465 N
