2602 4888
203 291 277 384 520
326 369 329 384 ,
536 286 713 393 Εοηπιιία
731 283 974 378 concordiae.

203 469 308 552 dere,
320 471 452 558 firmem
469 467 584 544 infide
599 483 702 562 etspc
716 490 805 553 esse,
831 482 1007 561 postvmo
1021 464 1161 561 frigam
1186 473 1266 540 etin

204 553 418 631 beciltiiuem
435 577 529 621 suain
545 551 675 622 sentire.

293 643 377 710 Ciim
393 663 468 712 roro
483 634 804 730 hominesbaptizati
816 654 929 706 contra
941 638 1167 708 conscientiam
1178 638 1266 734 aliquid

199 723 387 821 patrarint,
409 738 443 792 et
457 737 587 816 peccato
605 721 637 790 in
651 720 857 793 mortalisuo
873 747 1009 815 corpore
1026 722 1202 792 dominium
1216 750 1267 792 coii-

208 811 378 889 cesserint,
400 824 497 898 atque
512 807 670 900 Spiritum
688 823 833 880 sanctum
850 805 884 874 in
899 833 932 877 se
947 806 1027 900 ipsis
1040 807 1268 882 ccumistarintet

158 941 160 946 -
208 893 394 984 amiserint,
415 917 480 986 noo
501 916 582 982 opus
597 907 645 962 est
665 891 814 984 quidem,
840 905 878 960 ut
895 891 1154 984 rebaptizentur:
1181 919 1267 962 necesse

209 997 257 1136 pist
273 995 401 1058 autem,
432 991 468 1043 ut
487 1001 600 1044 rursus
623 991 881 1060 convertantur,
899 975 938 1046 de
963 1001 1028 1071 qua
1050 1003 1086 1048 re
1110 994 1200 1054 antea
1221 981 1268 1048 satis

232 1069 329 1140 ictum
349 1077 406 1130 est.
486 1076 490 1084 '
535 1138 539 1150 ¹
708 1133 717 1148 x
1023 1080 1027 1085 ’
1131 1090 1132 1095 ’

201 1183 211 1224 i
294 1151 364 1214 Hoc
379 1145 465 1214 enim
482 1141 697 1216 certissimum
714 1161 781 1225 est,
804 1144 840 1214 in
859 1171 937 1230 vera
959 1149 1171 1219 conversione
1187 1149 1269 1216 imni·

209 1234 386 1326 tationem„
398 1229 653 1304 ¹renovationem
669 1244 700 1296 et
719 1247 846 1300 motum
860 1230 931 1300 fieri
950 1251 1101 1328 oportere
1118 1233 1152 1302 in
1169 1231 1269 1302 hominii

157 1377 174 1398 ,.
209 1317 393 1400 intellectu,
422 1314 590 1413 voluntate
607 1331 645 1410 'et
660 1317 781 1397 corde,
809 1331 846 1383 ut
867 1315 1026 1408 nimirum
1050 1317 1194 1393 heminis
1214 1339 1269 1384 meu

210 1417 339 1498 peccata
354 1415 524 1489 agnoscat,
554 1421 637 1466 iram
651 1399 715 1466 Dei
732 1416 873 1481 metuat,
902 1425 921 1468 a
937 1418 1068 1494 peccato
1092 1429 1162 1472 sese
1179 1415 1269 1476 avertat

209 1485 462 1583 promissionem
486 1483 609 1571 gratiae
633 1484 666 1550 iri
692 1481 827 1576 Christo
851 1503 1006 1575 agnoscat
1027 1503 1059 1556 et
1085 1485 1270 1581 apprehendit

180 1623 184 1632 .
209 1575 281 1670 pias
299 1569 506 1671 cogitationes
530 1566 641 1636 animo
661 1569 777 1658 agitet,
807 1569 944 1639 honum·
981 1569 1271 1664 repositumhaiieat

112 1717 123 1748 ,Ι
211 1675 309 1752 atque
321 1651 522 1744 diligentiam
542 1653 736 1722 iunioribus
753 1652 821 1722 suis
839 1679 874 1721 re
901 1595 995 1724 ends
1009 1653 1179 1735 adhibeat,
1193 1671 1271 1724 etcor-

211 1760 261 1812 tra
286 1747 416 1809 *earnem
439 1752 571 1830 pugnet.
615 1737 680 1806 Ubi
701 1739 787 1806 enim
811 1679 899 1807 nihii
917 1737 1037 1810 horum
1060 1743 1114 1824 fit,
1138 1740 1181 1810 ibi
1201 1734 1271 1834 proed

213 1826 314 1900 dubio
332 1824 428 1893 etiam
445 1837 576 1890 nonest
597 1846 675 1898 vera
690 1824 732 1890 ad
749 1828 857 1892 Deum
876 1826 1056 1896 conversio.
1104 1827 1188 1894 Cum
1206 1839 1273 1892 aitiii

213 1908 361 2005 quaestio
383 1909 425 1975 sit
440 1905 479 1975 de
502 1929 612 1972 causo
630 1905 824 1994 efficiente,
852 1908 995 2002 horest,
1024 1909 1177 2004 quisnam
1190 1909 1248 1976 haec
1257 1905 1271 1970 ii

106 2065 108 2072 ,
211 1995 309 2066 nobis
324 2007 491 2085 operetur,
514 1992 599 2059 unde
616 1991 716 2060 homo
738 1990 800 2064 hoc
817 1991 927 2084 ipsum
943 1993 1078 2077 habeat,
1110 2011 1142 2066 et
1158 1992 1271 2088 quomode

212 2077 417 2172 id‘consequi
436 2076 559 2170 possit?
586 2073 664 2144 haec
679 2075 738 2170 pia,
751 2076 898 2146 doctrina
913 2079 1063 2148 'ostendit
1082 2078 1196 2148 horum
1207 2078 1272 2144 bont·

114 2187 158 2260 ’ρ
213 2163 448 2251 riimfontem,
478 2160 836 2233 hocvidelicetmodo.
883 2165 969 2238 Cum
992 2164 1158 2234 naturales
1177 2157 1272 2231 hominii

212 2247 300 2334 vires
317 2251 357 2338 ad
374 2269 484 2314 veram
506 2243 750 2315 conversionem
767 2243 852 2316 nihil
870 2250 1034 2332 conferre,
1065 2267 1125 2318 aut
1144 2249 1272 2344 quinquo

214 2329 397 2426 adjumenti
412 2330 531 2399 afferre
548 2330 690 2434 possint,
723 2337 812 2400 Deus
831 2322 993 2422 ineffabili
1010 2335 1155 2404 humitate
1176 2350 1201 2402 et
1216 2330 1273 2398 mise

215 2415 356 2488 ricordia
380 2431 439 2506 nos
462 2417 647 2514 praevenit,
678 2429 711 2484 et
733 2416 953 2503 Evangeliiim
978 2421 1056 2518 (p'er
1080 2421 1167 2512 quod
1182 2413 1272 2508 Spiritu

192 2523 197 2574 ζ
215 2520 345 2578 sanetus
367 2525 611 2577 conversionem
631 2517 662 2568 et
680 2502 959 2588 regenerationem
978 2531 1012 2570 iii
1035 2504 1135 2572 nobis
1152 2509 1273 2596 opeiaiirt

214 2589 371 2682 perticere
387 2585 480 2666 vult)
497 2585 687 2652 annunciaii
706 2584 813 2668 curat,
844 2603 877 2656 et
898 2613 956 2678 per
972 2587 1063 2656 verbi
1081 2590 1134 2656 sui
1157 2584 1274 2691 praedira

216 2672 341 2742 tionem
361 2685 392 2738 et
408 2670 668 2747 meditationem,
696 2670 790 2738 fidem
812 2669 956 2763 aliasque
980 2674 1113 2766 pictatis
1139 2685 1273 2740 virtutestt

216 2755 314 2824 nobis
333 2755 494 2835 accendit,
525 2759 569 2823 ita
585 2754 740 2848 quidem,
769 2771 805 2823 ut
825 2753 903 2824 hacc
925 2755 1036 2839 omnia
1060 2757 1164 2825 solius
1182 2755 1273 2847 Spiritu

217 2840 319 2912 sancti
337 2841 422 2907 dona
437 2838 504 2907 sint
519 2856 615 2932 atque
632 2838 848 2933 operationes.
895 2841 985 2926 Quin
1001 2841 1099 2912 etiarn
1117 2840 1273 2910 tricesimi

97 2969 107 2986 ··
207 2917 370 3000 doctrina
396 2924 538 2993 ostendit
561 2926 657 2993 nobis
683 2925 809 3004 media,
839 2945 1007 3023 pernquae
1028 2927 1173 3019 Spiritus
1197 2935 1274 2991 sanctu

219 3011 318 3091 hacc,
350 3034 433 3104 quae
456 3009 614 3090 diximus,
646 3009 678 3076 in
696 3009 791 3096 nohis
809 3008 877 3076 vuit
901 3009 1050 3079 inchoare
1075 3029 1107 3081 et
1130 3000 1246 3084 eiicere,
1261 3013 1274 3063 d

220 3111 351 3174 monet,
377 3094 549 3187 ,quomodo
567 3092 645 3162 haee
665 3093 752 3162 dona
773 3112 1025 3176 conserventur,
1055 3097 1274 3164 confirmentuid

220 3195 422 3268 augeantur,
446 3194 477 3246 et
490 3177 656 3259 hortatur,
686 3195 721 3246 ut
736 3175 879 3269 gratiam
894 3177 986 3265 iliam
1005 3179 1150 3248 divinam
1175 3173 1274 3262 nouit·

221 3281 287 3334 stra
307 3265 553 3354 acceperimus,
567 3263 623 3336 sed
642 3278 681 3328 ut.
693 3263 778 3332 dona
795 3261 852 3330 itta
868 3264 981 3332 sedulo
996 3287 1209 3341 exerceamus,
1224 3277 1274 3341 cogt·

223 3365 345 3430 tantes,
369 3373 469 3439 quam
489 3373 586 3448 grave
603 3345 645 3416 sit
663 3363 846 3450 peccatum,
869 3347 950 3416 tales
970 3349 1113 3444 Spiritus
1126 3344 1219 3418 sancti
1232 3361 1274 3431 opt

222 3433 366 3520 rationes
386 3435 563 3524 impedire,
586 3448 642 3507 aut
663 3430 906 3508 iliisresistcre.
1099 3489 1103 3518 ,
1242 3506 1247 3520 ‚

192 3575 195 3584 .
311 3523 348 3584 Ε.
377 3515 557 3598 haesolida
571 3517 669 3596 totius
688 3514 850 3598 doctrinae
870 3515 908 3592 de
924 3512 1027 3586 libero
1040 3515 1172 3586 arbitrio
1185 3507 1274 3604 explici·

134 3639 139 3649 .
167 3629 170 3638 ¹
223 3601 314 3671 u'one
333 3599 638 3694 doquaestioiiibus
654 3599 740 3679 illis,
771 3625 853 3700 guae
867 3602 943 3702 jain,
960 3599 1075 3674 uiuitis
1096 3599 1185 3672 annis
1204 3593 1275 3691 infit

226 3685 332 3756 clesiis
353 3694 404 3756 dii
431 3703 563 3754 iistanae
581 3684 806 3774 Confessionis
824 3701 963 3774 agitatae
980 3701 1075 3768 sunt,
1102 3685 1224 3777 judicari
1235 3685 1274 3769 put·

195 3855 198 3860 Δ
218 3786 285 3858 est.
317 3821 321 3840 ,
337 3713 438 3840 Vedii
454 3771 557 3862 gratia
580 3767 868 3863 quodquamitum
887 3769 966 3839 fuit:
982 3840 984 3849 Α
999 3795 1042 3838 aii
1056 3771 1154 3840 honio
1171 3781 1241 3839 antei
1254 3775 1274 3826 ΙΨ

223 3855 277 3924 vel
295 3873 378 3958 ,post
405 3854 651 3928 conversionem
678 3852 818 3945 Spiritui
844 3870 956 3922 sancto
978 3871 1150 3949 repugnet,
1176 3848 1275 3936 velpe

224 3965 357 4036 passive
372 3963 406 4008 se
422 3939 556 4016 habeam
580 3963 621 4011 an
637 3937 963 4026 homoconveitatur
977 3955 1013 4007 ut
1027 3955 1172 4018 truncus,
1189 3957 1221 4002 an
1230 3933 1275 4024 51¹?

225 4025 314 4098 ritus
333 4039 466 4102 sanetus
487 4021 580 4093 detur
594 4023 871 4123 repugnantibus,
902 4039 994 4094 etan
1009 4019 1274 4094 conversionum

129 4131 136 4140 “
226 4112 287 4179 fiat
307 4133 366 4202 pei·
393 4107 531 4178 modum
554 4109 741 4180 coactionis.
785 4109 875 4179 Haec
894 4123 993 4202 atque
1012 4105 1190 4203 hujusmodi
1205 4092 1274 4169 melta.

32 4297 35 4306 ,
228 4199 327 4289 juxta
348 4194 516 4278 recitatam
539 4193 633 4292 piam
653 4205 803 4296 nostram
825 4194 867 4266 de
895 4191 959 4270 hcc
979 4192 1119 4271 artieido
1142 4183 1274 4264 domim

543 4419 552 4449 i
