2618 4902
293 415 294 422 κ
351 325 380 380 γ’
412 369 671 474 confessionis.
723 363 733 465 Ἀ
1043 372 1089 468 73

8 567 62 638 est,
90 576 173 646 quae
195 547 408 646 apprehendit
432 551 687 621 miscricordiam
712 549 847 644 propter
868 547 1004 617 verbum
1028 549 1092 616 Dei
1118 605 1123 622 ,
1163 569 1164 576 ¹

8 642 105 727 gratis.
151 635 187 706 Si
205 635 280 730 quis
294 635 464 723 hoc'negat
483 635 585 705 iidem
600 661 678 720 esse,
704 661 839 729 prorsus
850 631 1091 723 uoniutclligit,

18 723 73 790 uid
88 721 132 789 sit
145 721 239 792 fides.
257 725 302 790 Et
322 721 546 824 ipsa'historia
561 721 623 794 hoc
638 719 708 789 loco
731 718 883 802 ostendit,
905 717 985 813 quid
1002 732 1094 798 vocet

8 751 212 876 lilectiouem.
262 806 386 875 Mulier
400 806 487 876 venit
501 805 582 874 hanc
596 804 739 875 asserens
755 805 794 877 de
810 804 945 874 Christo
960 801 1093 893 opinio-

8 918 83 973 rem,
94 891 183 982 quod
195 890 282 984 apud
291 889 401 982 ipsum
414 893 598 986 quaerenda
614 885 697 960 esset
710 890 860 960 remissio
874 904 1090 982 pcccatorum.

8 977 61 1044 dic
75 975 179 1043 cultus
196 989 244 1044 est
265 1000 411 1044 summus
433 975 537 1044 cultus
553 975 687 1046 Christi.
742 973 845 1050 Nihil·
856 973 965 1068 potuit
985 973 1114 1064 majus·

8 1060 141 1130 ribue're
154 1057 308 1130 Christo.v
339 1065 414 1132 -Hoc
432 1076 501 1129 erat
517 1085 589 1127 vere
602 1060 755 1128 Messium
775 1069 967 1151 agnoscere,
1014 1081 1092 1125 uae-

8 1171 70 1212 rere
85 1145 173 1238 apud
189 1169 265 1228 eum
280 1144 503 1215 remissionem
519 1152 734 1238 peccatorum.
756 1149 862 1216 Porro
879 1142 924 1212 sic
939 1143 978 1210 dc
989 1081 1094 1212 Chri·
1229 1145 1232 1156 '

8 1245 49 1297 tto
64 1227 192 1310 sentire,
214 1228 259 1296 sic
270 1228 399 1312 colere,
419 1229 467 1298 sic
480 1227 652 1323 complecti
669 1228 848 1311 Christum,
870 1245 918 1296 est
933 1251 1006 1299 vere
1024 1249 1095 1294 crc-
1154 1307 1156 1310 Ι

8 1313 85 1382 lere.
136 1313 288 1382 Christus
307 1329 418 1395 autem
437 1339 515 1384 usus
536 1330 584 1384 cst
603 1313 702 1394 uerbo
721 1314 901 1384 dilectionis
924 1337 991 1380 non
1007 1311 1098 1404 apud
1151 1353 1154 1357 ·
1198 1317 1202 1358 ³

8 1397 189 1479 nulierem,
208 1397 274 1488 ¹sed
296 1399 452 1468 adversus
470 1397 702 1478 Pharisaeum,
746 1397 823 1492 quia
847 1393 951 1468 totum
971 1395 1095 1466 cultum

8 1481 168 1551 ss’harisaei
190 1489 264 1564 eum
287 1499 356 1553 toto
379 1482 471 1552 cultu
493 1481 638 1552 mulieris
664 1483 884 1575 comparabat.
928 1481 1096 1573 Obiurgat

8 1567 227 1650 ?harisaeum,
270 1569 338 1636 uod
349 1573 416 1636 non
432 1583 619 1660 agnosceret
633 1565 748 1662 ipsum
759 1591 828 1636 csse
838 1565 1011 1650 Messiam,
1033 1562 1097 1634 etsi
1137 1613 1141 1623 -

8 1677 78 1721 tace
93 1669 220 1720 externa
237 1593 345 1744 (illicia
367 1652 429 1748 ipsi
446 1667 642 1747 praestaret,
674 1650 865 1747 utxhospiti,
885 1649 957 1718 viro
974 1673 1095 1734 magro

8 1743 31 1804 et
52 1753 172 1804 sancto.
210 1736 702 1820 ,Ostendit¹-mulierculam„‘et
721 1735 884 1830 praedicat
902 1731 1009 1826 hujus.
1021 1733 1106 1832 'cul'-x

8 1847 89 1903 :um,
125 1839 309 1916 unguenta,
333 1821 518 1912 «lacrymas,
564 1835 623 1890 ote
647 1845 732 1914 quae
758 1818 868 1892 omnia
889 1836 983 1888 erant
1001 1831 1098 1907 signa
1184 1845 1207 1878 a
1263 1826 1265 1830 '

8 1905 97 1987 idei,
119 1922 151 1975 ct
165 1907 324 2004 confessio
344 1907 520 1999 quaedam,
543 1905 633 1998 quod
648 1904 803 1984 videlicet
819 1905 908 2002 apud
927 1899 1099 1992 Christum

8 1993 634 2090 puaereretremissionempe'ccatorum.
656 1995 818 2080 Magnum
832 1989 1097 2084 profectoexem-
1147 2005 1151 2011 ·
1229 1997 1235 2008 ’

8 2075 92 2166 alum
107 2091 171 2158 est,
197 2077 287 2172 quod
300 2101 367 2145 non
383 2091 461 2144 sme'
471 2099 567 2144 causa
582 2075 761 2144 commovit
771 2075 960 2156 Christum,
983 2088 1019 2139 ut
1036 2071 1099 2140 oh-

11 2177 146 2250 urgaret
162 2161 376 2234 Pharisaeum
400 2159 507 2230 virum
527 2158 729 2263 sapientem,
752 2165 792 2228 'e't
817 2157 1011 2237 honestum,
1039 2153 1098 2224 sed

8 2271 68 2317 ron
85 2245 276 2330 credentem.
326 2249 420 2312 Hane
440 2244 471 2312 ei
492 2244 692 2340 impietatem
702 2243 902 2338 exprobrat,
932 2259 963 2312 et
980 2242 1098 2310 admo-

8 2345 56 2402 tet
72 2355 145 2398 eum
161 2329 306 2423 exemplo
323 2328 591 2411 mulierculaesi
639 2327 749 2397 ificans
764 2345 856 2420 turpe
870 2329 901 2408 ci
916 2352 994 2407 esse,
1012 2323 1101 2422 quod
1191 2403 1196 2413 s

8 2439 77 2487 :um
103 2413 234 2484 indocm
257 2411 450 2482 muliercula
467 2414 576 2498 credat
623 2425 678 2493 eo,
709 2412 781 2504 ipse
799 2412 881 2504 legis
904 2411 1016 2480 doctor
1033 2433 1101 2476 non
1139 2413 1145 2440 *
1214 2419 1218 2429 '

8 2493 328 2592 ignoscatldessiam,
350 2505 569 2598 nonfquaerat
585 2498 675 2594 apud
691 2521 765 2572 eum
779 2495 1006 2565 remissionem
1023 2517 1100 2586 pec·
1212 2517 1215 2522 ·

8 2585 154 2658 istorum
169 2600 201 2652 et
219 2581 368 2658 salutem.
421 2586 477 2654 Sic
498 2582 600 2674 igitur
622 2595 730 2650 totum
753 2573 878 2650 cultum
902 2579 1031 2660 laudat,
1064 2587 1103 2649 ut

8 2677 99 2774 mepe
121 2669 158 2738 lit
179 2666 213 2735 in
229 2667 416 2821 scripturis,
434 2680 570 2740 ,utuno
585 2665 686 2735 verbo
711 2665 814 2734 multa
838 2690 909 2734 com
935 2663 1102 2743 lectamur,
1159 2691 1162 2696 ·
1236 2713 1240 2722 .

8 2773 37 2824 rt
55 2753 142 2821 mfra
163 2751 283 2823 latius*
307 2752 437 2822 iremus·
450 2752 486 2820 in
499 2751 662 2822 similibus
675 2748 784 2833 locis,
812 2764 866 2818 ut:
930 2763 982 2818 ate
1001 2744 1112 2816 Elec-¹
1208 2823 1210 2829 Ι

8 2863 191 2929 nosynam,
215 2853 248 2908 et
267 2837 375 2906 omnia
394 2853 488 2918 emmt
503 2837 634 2912 munda.
675 2837 895 2904 Non‘tantum
920 2832 1102 2931 eleemosy-

8 2949 59 2992 tas
72 2922 229 3014 requirit,
249 2923 310 2990 sed
324 2921 423 2990 etiam
439 2922 598 3014 justitiam
616 2918 704 2990 fidei.
753 2918 872 2989 lta-hic
888 2917 949 2988 ait:
970 2921 1104 3000 Remrt·.

8 3023 116 3078 :untur
132 3005 162 3073 'ei
177 3005 452 3104 peccatamulta,
465 3006 543 3112 quia
559 3004 675 3075 dilexit
691 3003 853 3085 multum,
875 3003 900 3072 i,
915 3029 943 3073 e.
961 3003 1038 3096 quia
1052 3025 1105 3068 me

8 3117 76 3159 rere
94 3089 193 3157 coluit
213 3089 277 3159 fide
299 3106 330 3158 et
350 3093 508 3159 exercitiis
525 3105 557 3158 et
580 3088 681 3179 signis
704 3087 792 3158 fidei.
836 3092 959 3170 Totum
973 3083 1106 3156 cultum
1219 3125 1222 3138 «

8 3172 263 3266 :omprehendit
305 3172 439 3252 ,Interim
455 3191 563 3244 tamen
580 3171 643 3242 hoc
659 3174 772 3254 docet,
797 3171 889 3266 quod
899 3169 1033 3268 proprie
1049 3193 1105 3236 ac·
1177 3227 1187 3248 „

8 3259 144 3354 :ipiatur
160 3257 223 3326 lide
245 3256 393 3326 remissio
409 3275 622 3352 peccatorum.
671 3257 744 3328 Etsi
760 3256 919 3344 dilectio,
934 3251 1119 3334 consessio,

8 3361 33 3415 et
50 3343 109 3412 alii
122 3340 202 3410 honi
215 3334 339 3428 fruc‘tus
354 3343 450 3434 sequi
466 3343 611 3412 debeant.
624 3376 626 3380 ·
637 3345 749 3442 Quare
764 3367 831 3411 non
845 3341 908 3410 hoc
920 3339 999 3422 vult,
1016 3339 1108 3432 quod

8 3430 130 3498 z'r‘uctus
143 3425 194 3494 illi
208 3426 273 3499 siut
283 3425 447 3522 pretium,
470 3427 535 3497 sint
547 3426 755 3522 propitiatio,
783 3435 1031 3521 propterquam
1049 3423 1108 3490 de-

8 3541 56 3584 :ur
80 3509 232 3581 remissio
253 3528 478 3608 peccatorum,
516 3537 600 3604 quae
623 3511 810 3604 reconciliet
830 3537 892 3581 nos
913 3515 996 3578 Deo.
1043 3510 1109 3602 —De

8 3621 120 3690 nagna
141 3609 179 3665 re
193 3594 419 3692 disputamus,
448 3597 488 3666 de
512 3596 636 3668 honore
654 3595 799 3679 Christi,
834 3612 868 3666 ct
893 3594 978 3662 unde
998 3605 1111 3686 petant
1144 3599 1164 3670 ’,

8 3706 107 3753 ionae
122 3696 246 3768 mentes
261 3698 381 3750 certam
398 3697 431 3749 et
444 3683 574 3751 firmam
587 3680 863 3764 consolationem:
885 3684 1008 3760 Utrum
1022 3677 1109 3744 fidu·-
1151 3699 1157 3726 ··

8 3764 270 3865 eiaocollocanda.
285 3765 328 3835 sit
343 3766 378 3834 in
390 3766 586 3850 Christum,
607 3768 657 3836 air
673 3767 710 3851 in
728 3787 827 3862 opera
842 3780 965 3848 nostra.
1008 3760 1111 3850 Quod

8 3877 32 3920 tr
57 3874 134 3918 mo
159 3865 215 3920 era
230 3867 344 3933 nostra
362 3850 552 3920 collocanda
576 3849 658 3932 erit,
688 3848 871 3924 detrahitur
885 3847 1019 3928 Christo
1044 3845 1109 3914 ho·
1133 3867 1137 3876 ²

8 3959 65 4004 uos
81 3957 134 4002 me
159 3933 333 4026 ‘atoriset-
364 3932 576 4030 ropitiatoris.
600 3997 605 4006 ,
625 3939 671 4006 Et
686 3951 795 4006 tamen
817 3928 1054 4028 comperiemus
1074 3929 1110 4000 in
1148 3939 1161 3955 ·’

8 4016 127 4108 iudicio
142 4018 208 4089 Dei
224 4016 309 4088 hauc
331 3959 364 4088 d
811 4009 814 4026 λ
975 4016 983 4030 ’

356 4020 621 4094 duciamvanam
639 4044 727 4104 esse,
758 4036 791 4090 et
811 4016 1022 4108 conscientias
1036 4012 1113 4084 inde
1204 4025 1207 4034 ’
1290 4025 1292 4036 ’

8 4130 99 4172 ruere
116 4103 152 4172 in
168 4103 434 4201 desperationem.
488 4103 592 4191 Quod
612 4103 641 4173 si
654 4105 804 4180 remissio
812 4119 1050 4199 peccatorum,
1071 4101 1114 4168 'et
1181 4104 1185 4110 '
1246 4167 1252 4194 ,

8 4187 229 4262 reconciliatio
258 4211 325 4257 non
352 4189 519 4280 contingit¹
532 4188 634 4282 gratis
665 4215 729 4285 pro
755 4207 802 4260 ter
826 4187 1013 4267 Christum,
1055 4182 1142 4282 sed.
1192 4193 1198 4203 ”

8 4290 141 4370 propter
156 4287 301 4344 nostram
317 4271 548 4358 dilectionem,
570 4298 666 4380 nemq
685 4217 859 4348 haditurus
876 4287 926 4342 est
941 4268 1122 4342 remissio-1

49 4419 58 4456 't

438 4610 466 4646 ,.
