2610 4900
131 315 134 322 ’
197 311 304 407 352·
441 308 445 319 '
523 305 781 399 ,catechismus
809 311 940 408 major.
991 405 998 431 ἱ
1083 325 1122 378 x*

198 493 257 566 lio:
290 488 409 560 Voluit
424 493 510 562 enim
530 497 619 560 Deos
637 490 698 560 lioe
710 568 714 579 Ι
727 507 889 586 ›raeeopto
903 495 1060 586 cojiisq'ue
1074 503 1202 560 uxorein
1215 507 1265 561 tan-

110 593 114 600 “
135 598 137 606 ’
198 602 298 670 quam
310 575 396 644 rollo
412 577 640 670 circumsepiri!
655 601 691 646 ac
708 519 900 664 defendere,
929 604 970 646 ne
986 577 1060 670 quis
1083 595 1198 647 temere
1217 602 1265 646 eam

101 721 105 745 ,
159 709 162 726 ι
197 661 424 732 contrectando
441 659 541 730 seiiirt
557 659 721 732 adulterio
737 688 828 729 reum
846 661 967 732 faceret
984 677 1042 732 aut
1053 662 1219 755 pollueret.

283 748 492 816 Cumae-tem
509 747 715 834 ‹le‘conjugio
738 762 803 814 tam
827 746 991 815 evidenter
1014 745 1266 842 praeceptumlior

160 847 162 854 “
196 831 409 902 constitutum
428 835 485 908 sit,
513 855 550 898 ac
566 831 661 899 nobis
679 855 810 900 causam
826 832 864 900 de
883 857 920 900 eo
944 831 1122 902 disserendi
1144 832 1267 926 suppedi-

197 933 261 986 tet:
298 917 400 1010 probe
426 917 483 984 tilii
507 916 704 998 notandum,
741 933 772 984 et
792 915 869 984 imis
900 916 1050 986 sensibus
1074 915 1266 1008 reponendum

154 1019 174 1056 ι’
199 1001 272 1070 crit.
297 1046 301 1054 ·
315 1001 428 1068 Primo
444 999 595 1093 quidem,
627 1001 792 1102 quomodo
808 1007 900 1069 'Deus
914 999 1002 1068 lirino
1018 999 1267 1070 matrimonii‘sta-

198 1103 271 1156 tum
284 1111 321 1154 ac
336 1084 481 1154 ordinem
498 1084 698 1178 amplissime
722 1085 860 1154 honoret
885 1111 922 1154 ac
947 1085 1130 1180 praeditet,
1158 1101 1194 1154 ut
1213 1111 1266 1152 eui-

199 1172 272 1238 dem
288 1187 460 1264 praecepto
485 1195 543 1238 suo
558 1195 659 1263 aeque
680 1173 861 1252 confirmet,
892 1187 924 1238 et
950 1186 1078 1238 tueatur
1101 1169 1143 1238 ali
1167 1169 1268 1260 injurii.

200 1261 307 1346 Supra
318 1254 461 1350 quidem⁸
474 1271 590 1350 quarto
608 1255 893 1350 praecepto‘illum
912 1254 1134 1336 confirmarit:
1167 1259 1268 1322 llonoii

198 1358 324 1436 patrem
341 1357 371 1408 et
387 1357 522 1408 matrem
538 1342 661 1408 tuam.‘
682 1345 752 1408 ll'oe
777 1343 902 1410 veroin
922 1339 1014 1420 lot'o,
1037 1355 1073 1407 iit
1095 1340 1212 1408 dietum
1231 1355 1270 1415 est·

199 1441 237 1493 ut
259 1425 294 1493 in
320 1441 388 1493 tute
410 1442 509 1512 esset,
538 1423 801 1498 circumvallavit·
822 1449 858 1493 ac
877 1425 1022 1492 defendit
1041 1450 1128 1493 eum.
1172 1428 1268 1509 Quan-

51 1507 52 1516 ἵ
137 1532 139 1544 ’
199 1511 313 1583 obrem
329 1526 360 1580 et
373 1533 393 1578 a
408 1509 504 1580 nobis
517 1509 677 1602 requirit,
699 1526 736 1578 ut
749 1509 886 1581 eundem
905 1509 1116 1594 honoremus,
1139 1531 1268 1578 servemus

96 1611 98 1614 '
200 1611 233 1665 et
247 1595 472 1678 traducamus,
494 1592 596 1662 veluti
618 1594 765 1663 divinum
782 1618 819 1663 ac
833 1593 965 1664 beatum
982 1594 1152 1679 ordinem,
1173 1592 1269 1688 quanli

133 1695 142 1703 ⁴
199 1681 295 1748 illum
311 1678 405 1748 i'nitio
421 1695 494 1747 ante
510 1705 622 1754 omnes
639 1677 723 1762 tilios
744 1681 936 1752 servandum
953 1677 1151 1764 instituerit,
1165 1701 1268 1770 eamque

200 1768 242 1836 ob
258 1763 520 1858 rem'separatim
543 1763 724 1832 masculum
750 1782 781 1842 et
801 1763 980 1833 foeminam
1006 1763 1144 1845 crearit,
1174 1789 1229 1832 non
1244 1761 1268 1826 ad

168 1875 172 1882 ¹
199 1849 374 1934 libidinose
389 1849 624 1916 exercendams
650 1849 799 1918 ureitiem
812 1865 844 1917 at
870 1875 908 1919 ue
925 1847 1106 1930 lasciviam,
1130 1850 1186 1918 sed
1200 1862 1228 1916 'ut
1239 1845 1269 1912 li-

200 1936 313 2026 gitime
328 1935 490 2025 conjuncti
505 1877 659 2002 foecunili
678 1944 798 2014 essent,
832 1876 954 2023 lilperos
974 1949 1204 2027 procrearent,
1228 1955 1268 1997 ne

174 2027 182 2078 ἰ
201 2019 330 2102 trirent,
362 2013 492 2090 eosdem
519 2045 558 2085 ue
571 2020 613 2086 ad
629 2019 693 2096 Dei
708 2018 847 2108 gloriam
865 2017 1087 2112 ampliandam
1104 2017 1170 2114 pie
1193 2043 1224 2085 ac
1236 2039 1268 2082 n-

200 2121 250 2175 ete
267 2105 451 2190 educarent.
495 2044 619 2172 lde-irco
635 2129 764 2198 quoque
780 2109 870 2174 Deus
892 2103 977 2171 hunc
991 2102 1194 2184 matrimonii
1208 2099 1268 2170 ordi-

200 2215 275 2258 nem
283 2211 361 2284 prae
377 2185 529 2258 omnibus
545 2187 617 2256 aliis
634 2190 729 2257 tantis
743 2189 921 2274 cumulavit
937 2183 1269 2264 benedictionique

102 2311 104 2317 ,
200 2273 298 2358 haec,
353 2273 539 2366 uaecunque
552 2273 586 2340 in
606 2273 730 2343 mundo
747 2291 831 2355 sunt,
852 2273 929 2342 liuic
944 2272 1156 2377 provehendo
1172 2273 1269 2340 insun-

117 2430 120 2443 ,
160 2426 165 2438 ,
202 2359 263 2444 sit,
292 2300 395 2430 eidem
422 2384 461 2425 ue
474 2360 593 2426 utenda
610 2355 771 2440 subdidit,
805 2375 927 2428 tantum
946 2357 1077 2440 tuboe,
1102 2353 1267 2426 uthicordo

124 2456 132 2512 ἴ
202 2442 355 2538 opulente
373 2381 553 2532 eilargiier
566 2459 648 2512 esset
664 2442 898 2513 constabilitus.
941 2447 1019 2596 iqua
1039 2461 1076 2511 ex
1092 2467 1129 2510 re
1145 2440 1231 2518 facile
1242 2435 1268 2503 li-

202 2544 296 2622 quet,
335 2552 401 2595 non
423 2529 536 2617 jocum
566 2545 622 2612 aot
643 2527 878 2610 curiositatem,
917 2553 950 2596 se
994 2537 1268 2634 rem'magnainet

202 2615 358 2712 arduam,
385 2629 482 2706 atque
501 2612 582 2678 adeo
599 2629 801 2681 constantem
824 2612 888 2680 Dei
910 2611 1112 2682 voluntatem
1138 2637 1203 2681 esse
1222 2629 1268 2674 iiia-

70 2789 73 2799 *
163 2767 166 2772 ,
202 2697 407 2767 trimonium.
447 2695 620 2783 Permagni
644 2693 731 2764 eniiil
750 2697 942 2782 merefort,
971 2713 1008 2765 ut
1034 2697 1210 2766 educentur·
1229 2691 1268 2758 lio-

201 2782 326 2866 mines,
350 2779 409 2884 qui
423 2781 582 2848 mundum
599 2803 654 2846 sua
671 2805 767 2874 opera
782 2787 824 2850 ad
838 2781 905 2850 Ilei
919 2781 1153 2870 cognitionem,
1174 2797 1203 2850 et
1215 2780 1267 2846 bea·

127 2919 140 2954 -,
203 2885 270 2938 tam
283 2891 322 2937 ac
335 2865 510 2934 virtutibus
527 2882 713 2934 exornatam
728 2865 828 2934 vitam
845 2865 1052 2956 exigendam,
1107 2880 1203 2935 ocant
1218 2885 1267 2956 per·

98 2983 113 3039 ,’
203 2955 337 3036 (lucere,
368 2951 520 3019 adversos
536 2948 696 3018 malitiam
710 2966 741 3021 et
756 2951 934 3022 daemones
949 2891 1119 3052 pugnandi
1135 2949 1235 3043 gratia.

272 3037 453 3126 ‘Quocirca
470 3035 605 3104 subinde
622 3033 738 3120 docui,
765 3061 806 3106 ne
828 3035 914 3105 hune
934 3037 1085 3105 ordinem
1109 3045 1275 3108 contemne.

202 3149 295 3208 mus,
332 3137 390 3191 aut
416 3137 572 3213 tanquam
600 3119 778 3212 jocularem
803 3120 915 3191 leviter
940 3113 1172 3202 aestimemus,
1199 3137 1266 3212 quet

203 3205 362 3278 irridendi
377 3231 501 3284 morem
517 3229 612 3273 coeco
634 3207 757 3274 mundo
781 3222 812 3275 et
833 3205 1158 3301 pseudo-religiosis
1180 3216 1266 3270 nostru

174 3373 177 3382 ,
202 3295 355 3364 hactenus
374 3289 476 3358 fuisse
492 3287 648 3358 vidimus:
679 3289 736 3388 sed
748 3292 840 3380 juria
856 3291 919 3362 Dei
936 3290 1094 3372 verbum,
1128 3313 1192 3384 quo
1207 3281 1266 3378 intl-

101 3453 103 3460 ,
203 3381 244 3450 tis
257 3376 363 3446 modis
380 3389 549 3442 exornatus
565 3391 596 3442 et
611 3375 822 3473 sanctificatus
838 3390 904 3458 est,
917 3401 1004 3462 eum
1019 3375 1217 3454 intueamur,
1239 3381 1266 3432 ill

130 3515 133 3520 ,
171 3465 179 3532 ‚¹
202 3481 326 3532 utnon
349 3458 456 3528 solum
483 3473 625 3526 caeteros
648 3475 756 3557 pretio
788 3476 820 3528 et
842 3458 1001 3550 dignitate
1023 3483 1165 3562 aequare
1182 3455 1266 3526 soleal

77 3587 79 3594 ·
147 3587 160 3606 ,ι
203 3547 260 3618 sed
273 3568 386 3618 omnes
404 3557 544 3612 caeteros
564 3541 664 3634 longo
678 3544 847 3642 mtervallo
872 3561 948 3640 post
968 3567 1007 3627 se
1025 3542 1205 3642 relinquat,
1224 3537 1266 3635 siit

103 3649 107 3666 ’
155 3690 157 3698 ,
200 3631 254 3702 'illi
269 3635 332 3722 sirit
341 3625 458 3698 invicti
474 3629 647 3711 Caesares,
676 3653 742 3698 sive
763 3629 937 3724 purpurati
961 3629 1148 3724 Principes,
1177 3641 1266 3719 aiii-ie

203 3715 300 3787 lulati
319 3711 492 3819 Episcopi,
521 3729 579 3781 aut
593 3712 777 3806 quicunque
795 3715 945 3804 tandem.¹
981 3714 1176 3809 Quicunque
1196 3729 1265 3780 enin

173 3815 175 3820 '
204 3819 261 3872 aut
282 3795 462 3895 spirituales
482 3811 538 3864 aut
555 3797 713 3873 seculares
743 3803 804 3888 (ut
828 3798 1029 3894 loquuntur)
1045 3803 1137 3868 'sunt
1157 3792 1264 3866 ordines,

204 3888 256 3957 his
280 3883 430 3964 omnibus
453 3879 504 3950 hic
531 3881 733 3952 venerandus
760 3899 825 3968 est,
841 3893 895 3952 *et
912 3884 1064 3952 omnibus
1089 3883 1141 3951 hic
1165 3895 1263 3973 quoque

124 3975 126 3982 ’
204 3965 467 4068 amplectendus,
479 4013 481 4019 ,
493 3981 620 4065 etpost
640 3967 809 4038 audiemus
837 3966 945 4038 latius.
989 3973 1197 4064 Quapropter
1214 3981 1262 4028 na-

125 4139 128 4143 ·
170 4056 175 4065 “
204 4056 476 4126 trimoniumnon
499 4066 644 4144 privatus
668 4050 785 4148 aliquis
810 4069 911 4122 statos
932 4053 1119 4122 habendum
1144 4065 1201 4129 esi,
1224 4037 1261 4135 std

179 4175 181 4180 ·
205 4134 488 4211 communissimus
503 4151 533 4203 et
549 4135 790 4222 nobilissimus,
813 4141 905 4230 cujus
918 4135 1175 4226 usus'pertotam
1189 4129 1260 4198 Cliu-

205 4225 422 4306 stianliatem·,
443 4219 598 4318 'imo'per
613 4224 910 4316 totumuundum,
936 4222 1035 4316 longe
1057 4221 1259 4316 aequipara

505 4411 511 4418 ’
602 4429 607 4458 ι
