2618 4902
177 211 199 254 ι’
369 219 372 226 ·
577 251 586 270 ,
852 239 856 248 .

42 315 62 354 ’“
141 315 148 326 ’
226 315 277 423 96
440 289 445 316 ²
516 281 521 290 ¹
608 325 610 332 '
675 289 857 432 Apologia

129 581 133 590 ,
227 489 497 660 nonllivanpelil
538 493 633 582 Duos
661 505 752 586 enirn
772 505 889 590 modos
913 503 1153 602 justificationis
1177 511 1270 583 tradunt

226 617 369 748 quorum
385 615 404 660 a
418 608 466 668 ter
482 607 532 666 est
546 595 674 660 su'mtns
696 616 715 662 a
736 591 884 674 ratione,
913 594 995 665 alter
1018 594 1166 694 relege,
1193 622 1270 666 nouo

162 743 166 754 ,
256 674 427 768 sanguin,
450 697 506 746 seu
526 675 743 768 promissione
756 676 795 746 de
814 675 957 749 Christo.

309 779 406 848 Prior
421 776 538 848 modus
550 771 792 876 justificationis
801 794 854 877 est
868 779 955 878 apud
972 773 1072 876 ipsos,
1089 781 1182 876 quod
1192 779 1270 851 docent

179 880 185 891 “
224 864 376 935 homines
396 867 456 958 pir
470 861 557 930 bona
568 885 674 1019 'oiim
687 883 811 933 ‘merere
825 875 986 952 gratiam,
1018 880 1086 934 tum
1108 867 1147 935 de
1165 891 1270 966 congru.

202 1919 207 1946 s
226 1886 317 1952 stari.
364 1887 409 1950 Et
422 1882 465 1946 ad
486 1877 572 1946 hunc
586 1879 782 1948 Canonistae

226 941 298 1020 turn
313 951 360 1018 de
382 943 553 1040 condigno.
635 946 664 1016 ic
689 947 804 1016 modus
824 963 873 1016 est
893 949 1038 1032 doctrina
1059 951 1210 1032 rationis,
1233 975 1270 1044 qn

225 1033 312 1104 ratio
333 1057 401 1102 non
415 1030 528 1100 ridens
544 1029 787 1101 immunditiem
800 1032 928 1118 cordis,
943 1097 945 1108 ,
959 1033 1060 1104 sentit
1076 1057 1111 1104 se
1127 1035 1173 1104 ita
1194 1035 1272 1130 plan

226 1125 357 1198 Deum,
384 1117 508 1184 sibene
524 1133 692 1206 operetur,
723 1130 756 1186 et
772 1131 942 1218 propterea
968 1118 1107 1189 subinde
1127 1117 1192 1188 alia
1209 1139 1272 1209 opem

226 1203 285 1274 alii
304 1199 407 1272 cultus
425 1199 465 1270 ab
479 1197 674 1300 hominibus·
686 1200 722 1269 in
733 1224 865 1300 'rnagnrs
880 1202 1130 1292 periculis,exco
1156 1191 1218 1273 ltati
1235 1215 1272 1278 sul

226 1292 382 1359 adversus
403 1302 539 1354 terrores
568 1301 791 1356 conscientiae.
848 1289 973 1356 Gentes
996 1303 1027 1358 et
1052 1231 1214 1358 israelitae
1234 1313 1269 1355 m·

44 1376 51 1416 '·
111 1423 114 1437 .
227 1383 393 1444 ctaverun't
415 1370 573 1460 lpumanas
599 1370 742 1453 hostias,
776 1385 808 1436 et
820 1367 886 1440 alia
902 1371 1006 1441 multa
1032 1373 1202 1447 durissima
1217 1395 1268 1463 opu

227 1471 449 1548 susceperunt,
472 1465 509 1523 ut
526 1456 690 1545 placarent
702 1455 788 1524 iram
802 1455 876 1524 Dei.
918 1461 1038 1528 Postea
1058 1459 1222 1550 excogitati
1233 1473 1268 1524 sun

140 1577 142 1586 =
226 1540 461 1624 Monachatus,
493 1551 524 1608 et
543 1539 576 1606 hi
594 1555 793 1609 certaverunt
806 1539 891 1608 inter
909 1565 942 1612 se
966 1542 1144 1612 acerbi-tate
1166 1545 1266 1612 obson

225 1630 373 1709 tonum,
395 1639 503 1694 contra
521 1639 669 1696 terrores
680 1623 910 1708 concientiae,
934 1643 1046 1696 contra
1062 1621 1148 1696 iram
1161 1627 1227 1716 Ilei.
1253 1625 1268 1692 ll

194 1741 196 1748 ⁴
225 1712 281 1783 hic
292 1711 410 1782 modus
424 1703 679 1806 justificationis,
702 1708 779 1802 quia
797 1725 845 1778 est
861 1710 1043 1793 rationalis,
1063 1728 1097 1781 'ct
1110 1729 1196 1783 totus
1207 1733 1268 1780 vero

225 1815 281 1870 tur
296 1798 332 1864 in
348 1803 486 1864 externis
502 1790 670 1884 operibus,
690 1791 834 1947 intelqui
848 1811 972 1885 potest,
998 1812 1031 1884 et
1045 1813 1207 1896 utcunque
1218 1819 1266 1888 prae

819 1896 1000 1950 ctorserunt
1016 1879 1228 1956 ordinationes
1239 1883 1267 1947 Et·

221 1963 428 2044 'clesiastieas
450 1962 537 2031 male
554 1961 740 2045 intellectas,
763 1989 847 2060 quoe
860 1987 878 2032 a
893 1967 1041 2058 patribus
1057 1963 1267 2058 longealioon

226 2051 301 2120 silio
316 2051 526 2132 sactacsunt‚
550 2071 683 2138 nempe,
705 2071 771 2116 non
787 2065 823 2116 ut
837 2074 893 2140 per
910 2075 1007 2142 opera
1018 2053 1077 2119 illa
1092 2069 1266 2144 quaererem

226 2135 407 2235 justitiam,
438 2133 497 2206 sed
512 2147 548 2200 ut
563 2133 643 2200 ordo
663 2133 797 2226 qnidam
815 2151 949 2226 propter
970 2139 1228 2230 tranquillitatem
1240 2135 1266 2200 lt

180 2299 184 2306 1
209 2223 353 2288 'minum
365 2235 455 2286 rnter
467 2241 519 2299 se,
546 2215 580 2284 in
593 2216 738 2286 Ecclesia
751 2235 851 2287 essct
887 2221 940 2288 Ad
958 2219 1042 2292 hunc
1059 2223 1193 2293 modum
1206 2223 1266 2289 deto-

125 2879 133 2886 ·
216 2843 373 2948 'impletio
394 2841 474 2934 legis
495 2841 538 2909 sit
561 2841 661 2940 digna
685 2843 789 2941 gratia
811 2860 841 2912 ct
861 2844 1096 2916 rita'aeterna.

155 2968 158 2978 ·
225 2948 330 3003 ctrrna
349 2928 449 3027 plane·
468 2943 518 2997 est
538 2927 683 3024 doctrina
707 2927 803 3024 leg1s3
833 2953 944 3015 perum
960 2943 1008 3000 est
1022 2931 1130 3011 enim,
1155 2923 1265 3026 quodlo

122 3065 126 3072 ,
226 3015 333 3114 inquit
344 3013 507 3103 attinges
528 3017 710 3081 Dominum
731 3019 839 3080 Deum
855 3029 965 3098 tuum,
987 3031 1045 3086 etc.
1087 3015 1213 3110 Diliges
1225 3031 1265 3106 pre

112 2336 121 2350 ¹
226 2313 335 2376 serunt
355 2308 609 2403 etSUacramensta
633 2302 836 2396 maximeque
850 2303 1004 2388 Missam,
1036 2307 1194 2400 perhanc
1211 2325 1266 2400 qne

127 2429 146 2444 ·-
225 2407 303 2460 runt
319 2391 499 2490 justitiam,
520 2403 675 2490 gratiam,
698 2387 838 2489 salutem
856 2413 893 2456 ex
913 2409 1170 2484 opereoperato.

310 2507 403 2576 Alter
425 2505 542 2574 modus
565 2502 802 2600 justificationis
824 2503 964 2576 traditur
983 2497 1193 2598 al'lre'ologis
1208 2503 1265 2598 Sele

226 2593 363 2672 lestinis,
384 2615 457 2660 cum
473 2589 606 2671 ddccm,
630 2589 720 2682 quod
733 2589 813 2680 justi
834 2591 935 2661 simus
966 2597 1202 2686 perquendam
1215 2589 1265 2658 ltlt

226 2695 298 2748 tum
318 2702 338 2744 a
363 2679 434 2750 Deo
455 2671 617 2755 intusum,
650 2674 708 2765 qui
724 2672 942 2759 99161199ῐί9,ν
957 2694 988 2746 et
1007 2681 1095 2770 quod
1118 2679 1180 2750 hoc
1201 2673 1265 2744 latin

210 2762 331 2854 xadjuti
359 2759 448 2832 intus
481 2773 513 2827 ct
538 2756 832 2840 soris‚-faciamus
857 2758 1061 2844 1999991191,
1099 2781 1132 2834 et
1147 2755 1265 2928 rl¹¹⁰lll

1179 2873 1224 2916 aec
1251 2865 1265 2906 t

224 3126 350 3170 xrmum
366 3111 468 3168 tuum.
493 3094 651 3193 xDilectio
664 3097 762 3187 igitur
780 3113 827 3169 est
845 3093 991 3190 impletio
1005 3097 1099 3191 legis.

256 3277 258 3284 ,
309 3215 421 3286 Facile
440 3230 486 3287 cst
505 3227 612 3290 autem
628 3213 784 3304 judicium
808 3205 935 3284 homini
949 3213 1142 3288 Christiano
1163 3217 1264 3288 deutt

225 3302 420 3400 quemodo,
458 3297 536 3404 quia
561 3315 693 3451 uterque
716 3300 832 3396 modus
853 3299 994 3372 excludit
1010 3301 1194 3382 Christum,
1228 3292 1265 3380 ill,

224 3385 478 3480 reprehendendi
499 3400 583 3453 sunt.
613 3421 616 3428 ·
649 3409 671 3450 9
686 3405 795 3471 priore
810 3384 980 3456 manifesta
995 3399 1044 3456 est
1067 3387 1224 3478 impietas,
1240 3393 1265 3468 ql

225 3477 341 3553 deceta
355 3471 444 3567 quod
459 3491 557 3560 opera
573 3483 685 3536 nostra
699 3467 763 3538 sint
773 3467 961 3560 propitiatio
975 3487 1035 3562 pro
1077 3472 1197 3542 eecatis'.
1231 3466 1265 3552 lt·

224 3557 343 3626 sterior
355 3553 475 3624 'modus
490 3552 594 3621 multa
606 3552 703 3620 habet
715 3551 935 3622 incommoda:
964 3577 1032 3626 non
1047 3493 1140 3626 docet
1157 3545 1265 3640 uicto

147 3655 149 3664 '
169 3719 174 3728 ,
224 3659 291 3725 sto,
312 3637 619 3710 cumrenaseimur..
636 3638 823 3716 Nondocol
835 3639 1098 3736 justificationem
1113 3659 1179 3710 esse
1191 3651 1265 3704 remu·

225 3725 350 3796 sionem
359 3739 587 3824 -pqccatorums
619 3725 695 3790 Non
712 3723 804 3790 docet
820 3745 909 3812 perus
924 3723 1149 3806 remissionem
1161 3729 1265 3876 peceato

223 3813 298 3880 rum
320 3825 519 3902 contrngere,
549 3807 649 3900 quam
671 3804 861 3895 diligimus,
891 3809 948 3877 sed
964 3808 1074 3898 tingi-t,
1096 3837 1161 3904 quo
1194 3799 1266 3902 elicit

163 3970 165 3976 ,
223 3919 296 3966 mus
317 3911 423 3964 actum
445 3887 646 3972 dilectionis,
683 3913 742 3980 Per
763 3915 860 3996 quem
881 3915 1066 3963 mereamur
1090 3893 1270 3962 remissione

158 4001 162 4008 '
223 3995 440 4073 peccatorum.
487 3981 554 4046 Nec
572 3975 753 4068 docet-fide,
774 3997 808 4044 sn
832 3975 1000 4052 Christum
1025 3979 1150 4048 vincere
1168 3979 1270 4054 terreret

223 4063 387 4154 peccarim
401 4059 526 4132 mortis.
573 4057 688 4154 Fingit
702 4059 851 4140 homines
866 4063 1002 4153 propria
1020 4062 1201 4154 impletione
1217 4052 1264 4133 pgr

141 4193 145 4206 ·
223 4152 371 4220 accedere
382 4147 549 4229 adHeum,
571 4144 642 4213 sine
658 4145 873 4236 propitiatore
891 4147 1035 4219 Christo.
1065 4145 1264 4237 Fingitposltl

126 4289 132 4296 .
222 4233 327 4326 ipsam
343 4229 567 4326 impletionem
582 4227 667 4322 legis
679 4227 750 4306 sine
771 4228 987 4322 propitiatore
1004 4230 1138 4302 Christo
1151 4229 1264 4322 instrunt
