2610 4900
105 371 107 376 -
158 386 164 394 ,
195 310 280 412 396-
537 309 791 392 Cateoblsmus
805 309 939 413 major.
958 357 962 368 ·

209 475 216 530 l·
276 501 327 567 lta
342 493 549 580 clarerides,
576 493 641 568 boc
654 491 797 587 articulo
815 491 904 568 idem
926 478 987 568 lios
1004 497 1117 579 orare,
1147 495 1268 594 quodie

170 584 338 664 ,secondo
353 597 525 678 praecepto
547 585 639 651 Deus
665 582 797 654 anobis
821 581 938 674 exigit,
974 581 1131 652 nimirum¹
1145 607 1191 672 ‚ne
1213 582 1267 651 e'us

192 669 326 739 nomine
345 691 444 762 prave
463 666 639 752 abutamur
662 667 823 760 jurando,
853 667 1061 750 detestando,
1087 609 1269 746 mentiendo,

142 785 149 804 ¹
180 751 358 834 =sallendo,
381 769 438 822 etc.
458 751 516 819 sed
531 746 656 822 utiliter
670 749 757 820 idem
773 753 814 821 ad
836 752 900 822 Dei
920 749 1131 822 bonorumet
1151 750 1270 854 glorian

191 845 400 932 usurpemus.
444 834 643 932 Quicunque
667 838 755 906 enim
769 837 877 908 divino
894 837 1040 920 nomine,
1063 835 1202 928 aliquus
1216 836 1270 908 vitii

193 922 324 1012 tegendi
337 918 462 1012 gratia,
484 920 646 1004 abutitur,
667 921 723 992 ille
739 920 801 992 boc
815 935 963 1010 tanetum
985 946 1108 1006 nomen
1130 920 1269 1018 profanat,
1295 937 1296 956 ¹

191 1009 304 1096 violat,
329 1020 534 1102 conspurcat,
555 1022 654 1100 atque
669 1004 884 1096 contaminem
907 1032 976 1075 non
991 1029 1083 1076 secus
1097 1005 1270 1101 etqueoliu
1295 1053 1296 1072 ι

192 1116 302 1164 sacrae
315 1091 433 1162 domus
447 1089 642 1185 profanatae,
650 1091 849 1174 dicebantur,
865 1091 962 1161 caede
976 1089 1121 1160 bumana
1137 1115 1270 1194 consper-

191 1203 265 1262 sae,
284 1191 343 1246 eut
356 1174 480 1270 alioqui
496 1175 594 1246 foeda
608 1175 722 1272 aliqua
738 1175 941 1282 turpitudine
957 1175 991 1244 in
1007 1175 1130 1245 iisdem
1145 1176 1269 1268 llaguio-

185 1276 423 1357 rseperpctrata
439 1260 679 1348 dehonestatae,
700 1277 758 1330 out
777 1285 805 1330 ει
817 1287 869 1334 res
886 1284 976 1332 secra
988 1261 1222 1330 contumeliose
1231 1257 1270 1328 al·

191 1349 355 1429 liceretur,
384 1362 421 1415 ιιι
437 1367 519 1439 quoe
535 1371 596 1442 per
619 1366 653 1416 se
678 1345 811 1439 quidem
832 1362 941 1421 sancta
960 1361 1061 1427 esset,
1085 1348 1165 1440 ipso
1185 1361 1270 1416 tamen

189 1456 253 1502 usu
267 1432 405 1528 prolana
417 1429 520 1499 'fieret
562 1433 625 1500 Est
642 1453 720 1518 ergo
735 1430 787 1500 bic
801 1419 956 1500 articulus
967 1431 1040 1522 'jam
1053 1427 1222 1500 intellectu
1233 1430 1270 1497 la-

190 1515 282 1598 cilis,
310 1531 438 1586 tentum
451 1513 559 1584 verbis
576 1527 664 1586 recte
684 1515 863 1610 perceptis,
893 1531 931 1586 ut
945 1517 1148 1590 sanctificare
1164 1530 1270 1597 tantm

189 1602 369 1692 significet,
400 1626 438 1670 ae
468 1599 626 1686 laudare,
649 1600 825 1688 extollere,
865 1598 1026 1672 bonorem
1045 1597 1188 1685 babere,
1214 1624 1269 1672 con

187 1685 315 1772 verbis,
338 1702 409 1755 tum
424 1682 588 1786 operibus.
689 1773 691 1776 Ι
824 1697 828 1708 ’
902 1755 907 1768 ,

271 1777 348 1841 Jam
362 1796 438 1840 vero
453 1793 526 1866 ipse
539 1769 631 1853 vide,
653 1791 753 1864 quam
766 1767 829 1840 isto
846 1765 992 1866 precatio
1006 1767 1166 1842 omnibus
1185 1771 1269 1842 modis

188 1858 234 1926 sit
246 1853 437 1925 necessaria.
481 1855 576 1930 Cum'
590 1854 679 1924 enim
697 1855 785 1924 baud
817 1857 953 1926 obscure
975 1854 1171 1935 videamus,
1192 1879 1270 1949 quan

188 1941 331 2009 mundus
344 1938 484 2008 relectus
501 1938 544 2006 sit
549 1940 792 2041 propemodum
806 1939 944 2020 infinitis
957 1939 1052 2009 sectis
1068 1956 1105 2010 et
1122 1939 1214 2010 falsis
1225 1941 1270 2008 do·

187 2024 343 2108 oloribus,
357 2023 509 2094 omnibus
525 2024 673 2094 divinum
687 2049 806 2094 nomeu
817 2042 895 2094 suec
911 2023 1096 2094 diabolicae
1123 2025 1268 2106 doetrinae

179 2107 468 2206 praetexentibus:
498 2133 565 2180 non
588 2107 710 2202 injuria
729 2109 826 2180 nobis
841 2110 1058 2180 indesinenter
1075 2109 1269 2180 clamandum

188 2212 258 2265 erat
273 2195 568 2286 adversus'omnes,
591 2195 640 2263 ita
656 2195 807 2264 scelerate
822 2194 935 2266 divino
948 2196 1081 2274 nomine
1108 2196 1268 2274 abutentes,

177 2279 249 2350 ‘boc
263 2295 330 2362 est,
351 2291 456 2374 oeque
471 2277 626 2352 adversus
638 2279 722 2350 falsa
736 2280 884 2351 decentet
896 2295 928 2348 et
940 2303 1043 2374 prave
1060 2279 1268 2373 superstitiose

186 2364 370 2446 credentes,
400 2379 470 2436 tum
493 2363 895 2466 quidquid‘Evangelium
916 2380 948 2432 et
964 2387 1077 2432 sanam
1100 2366 1269 2435 'doctrinan

185 2465 334 2526 nostram
356 2465 476 2518 temere
498 2464 688 2544 impugnat,
715 2465 755 2538 ut
778 2466 854 2520 sunt
871 2447 994 2518 minuti
1017 2448 1200 2544 Episcopi,
1217 2456 1269 2540 Ty-

183 2533 298 2616 rannie
321 2528 504 2616 Svermeri,
526 2551 585 2604 etc.
607 2548 845 2628 praetereapro
859 2533 1023 2608 nobismet
1034 2534 1127 2628 ¹ipsis
1144 2561 1266 2632 quoque,

104 2699 109 2708 1
163 2699 166 2708 Α
186 2618 389 2718 qui-verbum
405 2616 469 2686 Dei
482 2617 657 2702 hebemus,
679 2619 736 2698 sed
752 2619 810 2712 qui
833 2641 904 2690 uon
921 2617 1006 2710 greti
1026 2643 1162 2703 sumus,
1183 2643 1267 2712 neque

166 2726 171 2746 ¹
185 2702 275 2772 tanti
287 2701 429 2786 muneris
445 2727 625 2788 memores,
646 2725 752 2797 neque
769 2703 923 2795 perinde,
947 2718 984 2774 ut
998 2704 1099 2774 verbo
1117 2706 1266 2782 docemur,

183 2789 335 2859 vivimus.
390 2791 478 2858 Hace
509 2789 623 2858 devote
649 2804 744 2882 atque
767 2815 805 2857 ex
828 2788 937 2858 animo
958 2811 1060 2858 orans
1081 2807 1193 2860 certus
1215 2813 1266 2858 esse

77 2951 79 2956 ,
183 2890 290 2968 potes,
311 2875 386 2956 Deo
399 2873 674 2968 summexplacere
698 2885 787 2942 tuam
810 2872 1009 2944 orationem.
1057 2879 1182 2968 Neque
1196 2873 1265 2945 enin

133 3024 139 3050 ‚
184 2958 366 3054 quidquam
383 2957 493 3030 audiet
506 2955 631 3048 gratius
646 2974 704 3028 aut
715 2951 892 3040 amentius,
912 2983 1011 3059 quem
1027 2960 1120 3061 quod
1136 2964 1206 3054 ejus
1220 2957 1267 3025 bo-

142 3044 144 3056 '
172 3069 244 3134 ¹nor
259 3059 290 3112 et
313 3039 417 3131 gloria
433 3069 511 3138 pree
534 3041 686 3112 omnibus
711 3043 809 3112 rebus
834 3067 960 3138 pass1m
984 3062 1081 3112 u'nree
1105 3045 1221 3116 floreat
1239 3067 1266 3110 ae

181 3128 310 3215 vigeat,
333 3129 404 3227 ejus
419 3129 554 3201 verbum
568 3128 692 3200 sincere
716 3127 891 3214 doceatur,
908 3151 949 3199 ec
970 3151 1083 3200 carum
1107 3146 1144 3202 et
1157 3127 1265 3230 pretio·¹

181 3239 254 3286 oum
267 3227 465 3288 resumetur.
501 3281 504 3288 .

336 3453 337 3460 Ν
493 3341 705 3438 suebum
723 3369 972 3442 enectum
1078 3319 1080 3326 ’

166 3521 174 3560 t
281 3490 461 3568 Adveniet
485 3515 645 3599 regnum
669 3496 784 3570 tuum'.

267 3637 554 3734 Quemadmodum
575 3638 626 3736 pri
664 3637 1102 3732 oaeticuloprecetisumus
1118 3661 1175 3720 ea,
1251 3659 1263 3702 t

108 3793 115 3822 ⁸
179 3728 222 3796 nd
234 3723 393 3796 bonorem
409 3741 442 3795 ct
457 3725 596 3816 gloriam
611 3665 754 3794 ndminis
766 3724 829 3794 uei
842 3725 1026 3818 pertinent,
1048 3741 1086 3794 ut
1104 3722 1202 3817 prob‘
1224 3731 1263 3788 eat

177 3817 289 3892 Deus,
312 3836 353 3878 ne
369 3809 418 3878 sui
431 3808 573 3878 nominis
594 3826 762 3904 praetextu
786 3809 928 3878 mundus
951 3835 1009 3880 suo
1031 3812 1200 3880 mendacia
1220 3819 1262 3872 at·

178 3923 242 4002 qne
256 3893 418 3966 malitiam
433 3892 587 3992 insidiose
605 3893 740 3964 celet-ac
754 3910 861 3987 tegat,
883 3894 966 3982 sedi
992 3919 1026 3966 se
1049 3896 1121 3987 ejus
1139 3889 1261 3983 gloriam

179 3999 304 4055 claram
328 3981 448 4050 habeat
472 3993 504 4048 et
526 3977 768 4062 inviolabilem,
800 4003 873 4048 cum
895 3977 930 4048 in
978 3978 1126 4062 octrina,
1156 3994 1260 4048 romu

58 4144 64 4155 ,
177 4069 261 4151 vito,
283 4081 319 4136 ut
334 4089 394 4162 per
412 4089 472 4133 uos
487 4063 667 4134 celebretur
686 4080 717 4133 et
732 4063 907 4152 extollatur
930 4064 1102 4144 laudibus,
1128 4063 1175 4132 iu
1187 4081 1259 4152 quv-

176 4177 240 4248 que
264 4151 316 4240 hic
337 4173 527 4246 precamur,
553 4163 590 4218 ut
613 4168 752 4240 regnum
773 4151 846 4241 ejus
870 4149 990 4220 veniat.
1040 4153 1168 4218 Verum
1189 4143 1258 4212 sicul

65 4249 71 4264 '
176 4261 297 4314 ueruto
310 4234 374 4312 uei
385 4259 446 4338 per
459 4259 494 4308 se
509 4249 657 4339 sunctum
670 4251 735 4322 est,
756 4259 817 4307 nos
841 4249 951 4308 tamen
967 4257 1115 4318 oramus,
1138 4221 1256 4323 mapud

1123 4559 1128 4590 l
