2610 4900
262 379 270 391 ἰ
358 331 610 410 Cateolrismus
635 332 767 434 major.
1003 319 1112 408 ‘365
1212 421 1214 426 Ι
1291 373 1298 388 ·

25 522 186 595 stratone.
207 591 210 601 ,
227 521 286 588 Ita'
298 519 395 588 enlm·
405 539 501 606 agere
512 513 598 584 solet
611 509 873 668 paterfamilias,
903 511 1018 582 videns
1038 533 1111 609 ser-

32 629 202 692 rensuum
219 625 361 684 cessare,
381 618 438 670 aut
453 625 514 672 suo
529 624 595 670 non
627 623 670 668 un
695 614 808 670 entem·
819 596 968 688 gnaviter
986 593 1110 679 officio,
1124 671 1131 688 Ι,

30 691 85 790 ipsc
101 714 198 783 perse
218 689 359 768 enodem
380 686 554 779 objurgat,
575 700 617 774 xet
644 623 798 754 admonet
818 679 931 754 officii.
982 687 1109 780 ,tuum

30 801 52 842 sr
66 791 125 842 tarn
141 798 249 842 vecors
265 789 349 840 esset
370 788 403 841 et
426 794 537 840 amens
559 767 679 851 animi,
710 784 747 840 ιιι
768 766 882 837 relicto
905 765 996 838 donu
1016 790 1110 860 eom-

29 857 131 952 pressis
145 857 248 952 (quod
263 859 372 949 ajunt)
386 853 538 926 trionibus
554 853 719 922 desidente
735 877 841 935 servo,
862 851 899 920 in'
907 851 1109 1008 forumpro-
1137 901 1140 910 ·

29 941 338 1030 praesumentem
362 939 547 1012 socordiam
578 936 693 1007 vicinis
716 953 983 1032 conquereretur,
1042 936 1109 1004 aud
1158 961 1175 972 ·'

29 1027 111 1096 dubie
123 1025 293 1098 abiisdctn
310 1019 426 1096 audire
439 1049 476 1094 co
500 1037 623 1092 eretur:
642 1021 738 1110 -Quid
755 1047 833 1092 vero
848 1019 909 1092 hec
926 1038 1040 1112 nostra
1053 1019 1108 1088 in-

27 1129 118 1193 terest,
139 1137 159 1180 o
175 1129 271 1206 caput
286 1110 400 1180 multis
416 1050 524 1180 modis
540 1105 728 1182 ridiculum,
752 1133 809 1176 cur
822 1105 876 1175 illi
888 1105 951 1198 ipsi
964 1110 1025 1177 ista
1040 1129 1108 1174 non
1157 1113 1160 1118 '

27 1199 202 1288 exprobrant,
218 1201 306 1266 *Ecce
326 1197 368 1264 ad
391 1194 479 1264 hunc
501 1193 633 1286 quidem
655 1187 955 1260 modernusraterne
976 1217 1108 1284 algesco,

27 1299 55 1350 nt
68 1283 274 1358 emendarent
294 1281 391 1363 vitia,
416 1295 447 1348 et
460 1277 600 1374 proximi
616 1279 661 1346 tui
675 1277 764 1358 lama
780 1291 930 1352 innueret
947 1277 1037 1346 salva
1054 1295 1107 1348 at,
1154 1295 1161 1308 ‘

12 1393 77 1460 ¹que
92 1363 227 1458 integra.
261 1362 363 1444 ‘Sicut
380 1364 482 1440 etiam
498 1363 648 1432 Christus
663 1362 732 1454 ipse
742 1359 855 1430 eodem
872 1361 943 1430 loco
958 1378 1106 1448 testatur,

25 1450 172 1553 inquiens:
196 1450 234 1519 bi
252 1466 282 1519 te
301 1449 460 1530 audierit,
483 1447 627 1518 animam
641 1445 751 1516 fratris
760 1448 808 1522 tui
824 1445 968 1516 luctatus
985 1473 1030 1518 οε.
1048 1455 1106 1522 ‚lea

24 1537 137 1628 qudem
154 1535 265 1627 magni
283 1559 320 1604 ac
337 1533 557 1612 memorabilis
572 1531 681 1634 operis
698 1532 812 1602 auctor
826 1530 994 1600 extitisses·
1032 1537 1108 1610 ,Aut
1150 1551 1152 1556 '

23 1637 51 1688 tn
64 1619 142 1690 sorte
157 1647 227 1692 rem
242 1617 414 1691 leviculum
428 1643 508 1696 esse,
519 1617 703 1699 existimas,
732 1615 868 1715 fratrem
890 1613 1105 1688 lucrifacere?

23 1705 87 1774 Sino
107 1731 182 1776 vero
205 1729 318 1776 omnes
339 1703 517 1777 monachos
539 1727 577 1772 ac
602 1725 714 1790 sacros
732 1703 861 1772 ordines
882 1701 924 1772 ad
949 1703 1103 1779 nnumin
1137 1747 1144 1760 ι

12 1815 107 1859 unam
122 1786 267 1860 uea'ssam
296 1789 450 1860 conflatos
473 1786 625 1883 prodire,
655 1799 734 1856 nutu
758 1802 879 1856 tantam
897 1783 959 1856 sibi
975 1785 1105 1860 laudem
1144 1828 1153 1852 ι

22 1876 172 1946 vendicare
187 1873 333 1970 possint,
361 1899 397 1945 se
416 1872 486 1944 suis
501 1871 655 1968 operibus
678 1870 731 1942 vel
750 1897 854 1940 unum
870 1870 1012 1944 luctatos
1033 1898 1125 1944 esse·

9 1959 230 2030 laterculum.
521 2021 524 2028 .
630 2033 634 2040 ,

8 2105 9 2116 ,
90 2047 214 2114 Eodem
236 2043 311 2116 loco
335 2041 487 2114 Christus
508 2042 601 2114 docet
620 2040 776 2114 blterius:
804 2043 840 2112 Si
859 2059 967 2112 autem
990 2057 1021 2112 te
1036 2067 1103 2112 non

21 2127 159 2214 erudierit,
196 2131 341 2222 adjunge
373 2127 433 2206 tibi
468 2127 575 2198 adbuc
597 2129 698 2196 unum
722 2127 773 2198 vel
796 2129 963 2220 duos,‘ut
987 2121 1103 2198 in-ore
1153 2143 1155 2148 '

21 2212 143 2283 duonun
156 2214 208 2285 rel
223 2215 324 2292 trium
339 2213 469 2290 testium
486 2229 550 2284 stet
566 2238 662 2282 omne
677 2214 830 2291 verbum
851 2214 896 2282 ita
918 2213 954 2282 ut
974 2238 1127 2307 sempev

19 2319 61 2364 res
75 2298 142 2393 ipsa
154 2325 231 2370 cum
249 2324 287 2368 eo
305 2297 517 2387 transigatur,
542 2299 633 2390 cujus
648 2298 787 2368 manime
799 2298 941 2378 interest,
964 2297 1103 2390 nequid

19 2407 135 2473 prorsus
151 2383 278 2454 absenti
292 2383 446 2452 maledice
462 2382 662 2452 detrabatur.
705 2387 830 2461 Porro,
851 2381 879 2450 si
893 2381 971 2450 haec
987 2385 1102 2454 “omnia
1121 2415 1122 2420 ¹

19 2467 50 2532 ed
71 2469 307 2540 emendandum
329 2468 463 2536 fratrem
486 2491 604 2560 parum
625 2484 728 2550 erunt
743 2467 850 2536 valida
867 2483 924 2536 aut
941 2464 1100 2536 ‘efficacior

18 2549 95 2620 deser
107 2553 182 2624 baec
199 2551 312 2622 omnia
327 2549 499 2646 propalam
516 2552 690 2644 judicanda
706 2550 887 2634 Ecclesiae,
919 2553 986 2621 sivo
1000 2553 1102 2645 spiri-

19 2636 161 2721 tualibus,
185 2639 256 2708 sive
277 2636 477 2708 sotularibus
499 2637 753 2792 magistratippus.
794 2633 917 2734 ‚Neque
939 2637 1025 2706 onim
1048 2636 1106 2722 hie

17 2719 92 2790 solus
109 2748 239 2792 causam
256 2722 345 2812 agis,
368 2723 425 2791 sed
449 2719 549 2810 babes
574 2725 677 2792 tunsi
704 2731 740 2792 os
765 2737 860 2812 testes
885 2721 945 2792 tibi
959 2725 1101 2816 conjun-
1128 2722 1143 2805 y'

17 2820 90 2899 ctos,
112 2813 350 2884 accusationem
369 2824 460 2874 tuam
477 2808 744 2912 comprobantes,
774 2807 826 2878 cui
849 2806 981 2877 iunixus
1002 2809 1101 2900 judex

16 2893 165 2984 ennepide.
180 2892 329 2982 judicare
348 2908 380 2960 et
399 2915 537 2987 poenam
554 2917 698 2982 irrogare
714 2909 831 2998 potest.
873 2901 923 2962 Ac
938 2909 1007 2962 tum
1020 2893 1099 2986 qui-

16 2975 77 3042 dem
92 2977 241 3066 legitimo
257 2979 330 3068 jure
345 2999 383 3046 ac
405 2977 518 3045 ordine
533 2985 571 3048 e'o
597 2981 759 3072 pervenrri
776 2993 900 3073 potest,
929 2993 967 3046 ut
989 2976 1116 3054 malo-·

15 3079 76 3128 rum
93 3062 288 3157 improbitas
310 3077 369 3130 aut
388 3061 593 3144 codeceatur,
620 3079 682 3134 aut-
699 3062 734 3132 in
760 3061 877 3132 melius
901 3063 1099 3137 emendetur.
1189 3097 1191 3104 ·

14 3143 284 3242 alioquinuando
297 3145 379 3214 alius
395 3145 517 3238 passim
531 3147 785 3220 detractionibus
801 3146 997 3230 infamatus,
1019 3173 1098 3241 pas-

15 3232 65 3296 sim
80 3257 134 3324 per
148 3257 264 3312 onnes
282 3233 372 3300 urbis
394 3229 533 3318 angulos
553 3230 750 3315 traducitur,
773 3247 963 3338 tantumque
984 3233 1098 3304 sordes
1179 3313 1184 3322 ¹
1293 3271 1295 3280 ι

15 3333 259 3398 comniornntnr,
281 3340 377 3384 nemo
393 3317 601 3402 emendatur,
616 3336 662 3386 'ac
674 3315 847 3412 deinceps,
859 3317 926 3386 'ubi
939 3341 995 3387 res
1005 3342 1103 3388 com--

14 3399 165 3487 probanda
182 3401 246 3472 erit
263 3400 466 3481 testimonio,
490 3400 628 3495 quisquo
648 3425 719 3470 ase
741 3401 864 3475 dictum
888 3426 958 3472 esse
975 3415 1107 3498 perne-¹
1133 3475 1136 3482 ,

7 3499 66 3568 pat.
109 3491 321 3580 Quapropter
336 3486 515 3578 rectissime
529 3511 602 3554 cunr
617 3485 705 3556 hisce
730 3486 964 3575 detractoribus
981 3501 1098 3580 agere-

13 3579 72 3650 tur,
102 3588 139 3640 ut
159 3570 369 3662 grauissimas
396 3568 645 3664 intemperantis
673 3571 807 3662 linguae
827 3597 953 3665 poenas
971 3565 1130 3645 luentes„

14 3674 126 3722 omnem
184 3653 365 3729 aledicendi
387 3670 419 3724 et
442 3653 644 3727 obtrectandi
665 3654 868 3752 voluptatem
897 3657 1107 3745 amitterent.

13 3750 41 3802 ot
55 3739 108 3805 alii
127 3738 161 3808 in
187 3765 204 3808 e
220 3739 404 3831 exemplum
432 3756 596 3810 sumentes
619 3740 751 3830 linguae
772 3740 984 3812 virulentiam
1000 3743 1095 3814 dedi-

13 3839 133 3895 scerent·
158 3827 208 3894 ·si
223 3820 304 3894 baec
319 3823 466 3896 fie‘renta
482 3840 513 3892 te
533 3824 569 3893 in
584 3849 654 3892 rem
667 3823 839 3919 proximi,
870 3842 926 3896 aut
948 3827 1097 3898 veritatis

13 3924 109 3977 amore
128 3910 267 3980 laceres:
290 3907 511 4007 'clandestinis
532 3933 571 3980 ae
592 3907 723 3990 furtiuis
744 3909 1006 3994 oalumniis‘rem
1025 3937 1094 3984 non

12 4003 125 4076 ageres,
138 4014 250 4084 neque
266 3994 358 4062 drem-
371 4008 404 4062 et
419 3991 523 4062 solem
538 3991 640 4074 lucisu
665 4019 703 4066 ae
718 3994 823 4066 instar
838 3995 987 4067 ritaresr.

82 4081 167 4148 Haec
187 4076 300 4148 omnia
324 4070 480 4149 hactenus
502 4079 542 4150 de
563 4020 696 4151 occultis
728 4079 866 4173 peccatis
896 4079 981 4152 dicta
1005 4096 1100 4160 sunt..

13 4155 168 4256 (laetorum
183 4163 240 4234 ubi
253 4179 419 4258 peccatum
431 4161 532 4256 plane
541 4163 756 4248 'manifestum
773 4181 841 4251 est,
862 4181 1021 4260 utaequa
1034 4169 1099 4258 ᾖο-1

12 4239 63 4312 der
80 4247 348 4342 nequccuiqoam
364 4247 543 4350 obtutuum
565 4248 628 4328 sin,
652 4249 825 4329 turesino
844 4246 935 4325 omni
960 4268 1091 4346 peccato
1118 4296 1122 4304 ι
1202 4247 1209 4264 “
