2658 4892
130 285 133 292 ι
225 231 230 266 l
263 230 269 238 1

348 291 539 432 llorneuls'
553 261 797 417 colerentur,
873 406 875 414 ,
1000 321 1004 340 ’
1057 335 1130 438 aps
1321 399 1322 406 r

31 517 123 614 qnod
136 516 224 613 filius
241 517 325 606 θεῖ’,
346 516 405 614 qui
419 503 647 616 homolactne
662 529 728 598 est,
756 537 820 612 pro
840 512 935 588 nohis
956 519 1072 612 pastus
1093 509 1133 592 od
1152 539 1164 564 t
1273 549 1278 565 ’

29 620 181 673 mortuus
197 603 257 689 sit,
279 615 342 675 nos
366 629 407 674 ne
421 625 578 696 sanguine
593 624 653 670 suo
667 601 856 692 redemerit,
967 631 974 646 ·

114 687 261 773 Deinde,
284 629 374 782 quod
388 689 431 758 ad
447 687 589 757 rationes
607 685 707 758 officii
721 685 847 758 Christi
863 687 993 768 attinet,
1012 711 1132 784 perso-.-
1155 713 1158 722 ’
1179 701 1185 772 ',
1232 705 1243 718 ’

29 797 76 842 na
94 795 159 845 non
181 775 250 864 agit
278 790 312 846 et
337 789 492 868 operatur
512 771 565 853 in,
587 793 735 842 seucum
756 795 843 854 una,
872 771 923 840 uel
950 797 1010 865 per
1030 797 1131 844 ernam
1182 793 1184 804 ⁴

28 877 180 928 naturam
194 861 330 942 tautum,
354 861 411 930 sed
428 858 538 952 potius
552 857 600 938 io,
612 881 703 937 cnm,
718 869 752 928 et
765 857 1055 954 secundumatq'ue
1094 885 1132 932 er

27 961 203 1039 utramque
219 961 395 1028 naturam,
422 969 499 1042 seu,
531 959 569 1012 ut
590 939 1049 1035 conciliumYGhalcedonense
1070 883 1128 1020 lh-
1151 1005 1154 1014 .
1182 965 1184 970 ·

29 1030 161 1124 quitur,
185 1053 253 1099 una
267 1043 384 1100 natura
400 1045 543 1120 agrtseu
562 1044 717 1120 operatur
732 1051 809 1097 'com
836 1028 1131 1102 communicatione

26 1115 182 1199 alterins,
224 1115 291 1186 uod
308 1115 734 1210 cujusquepropriumdst.
779 1118 892 1268 ltapue
911 1112 1130 1212 §bristosest
1246 1201 1247 1210 ἵ

25 1215 138 1270 noster
152 1140 330 1283 mediator,
350 1204 532 1280 redemtor,
552 1224 629 1281 rex,
653 1201 819 1268 'summus'
859 1198 1002 1285 neuter,
1033 1217 1131 1302 caput
1162 1211 1164 1217 ’

26 1292 206 1376 ct'pastor,
229 1291 291 1364 etc,
313 1310 380 1355 non
396 1284 573 1357 secundum
595 1305 697 1376 uuam
713 1299 840 1368 tanturn
866 1297 1039 1371 naturam,
1061 1311 1129 1364 sive

26 1372 272 1453 divinam,sive
288 1371 483 1451 humanam,
505 1365 565 1438 sed
579 1369 759 1460 secundum
775 1383 947 1464 utramque
961 1385 1127 1458 naturam,

25 1457 70 1526 de
84 1481 148 1550 qua
162 1481 198 1525 re
213 1454 296 1526 alias
309 1457 407 1524 etiam
427 1481 465 1524 co
491 1453 592 1524 iosius
607 1451 734 1524 dicitur.
769 1462 770 1470 ’

114 1539 227 1620 Tertio
240 1565 316 1610 vero
330 1541 427 1629 longe
441 1479 548 1610 adhuc
560 1538 650 1608 aliud
664 1555 730 1621 est,
754 1537 888 1632 quando
902 1539 944 1610 de
964 1565 1003 1612 eo
1023 1567 1127 1635 quae.-

23 1625 126 1708 ritur,
163 1621 353 1710 disseritur,
385 1625 436 1694 vel
462 1629 634 1705 tractatur,
663 1647 707 1692 an
728 1623 811 1693 duae
830 1623 906 1693 illae
934 1641 1069 1700 naturae
1092 1626 1127 1696 io

23 1712 230 1806 hypostatica
252 1713 375 1806 unione
391 1709 426 1778 in
444 1709 578 1780 Christo
596 1706 682 1778 nihil
699 1705 863 1803 amplius,
885 1707 950 1780 nisi
966 1735 1042 1784 snas
1065 1735 1125 1796 na-

23 1795 147 1865 rurales
165 1795 349 1866 essentiales
364 1796 577 1890 proprietates
593 1793 751 1864 habeant:
776 1795 865 1890 quod
885 1794 983 1866 enim·
994 1799 1160 1884 easdem'„
1239 1823 1255 1866 ,·

21 1879 167 1951 habeant
181 1903 225 1956 ac¹
237 1880 416 1964 retineant,
435 1903 535 1984 snpra
550 1877 743 1981 domimus..
909 1901 911 1908 ·

52 2021 67 2046 Α,
93 1970 284 2064 zQuantum
297 1991 333 2036 er
390 1967 432 2036 ad
447 1969 595 2038 devinam
612 1989 647 2032 tn
662 1963 797 2044 Chrrstp
820 1978 974 2036 naturam
995 1966 1125 2052 attinet,

23 2074 103 2132 oum
124 2077 159 2120 m
183 2053 195 2117 i
220 2075 257 2122 so
278 2049 372 2122 nula
396 2053 440 2122 sit
463 2055 514 2141 (ut
532 2050 677 2120 Jacohns
702 2057 855 2136 testatur)
876 2049 1125 2136 transmutatio,
1184 2061 1186 2072 '

21 2134 155 2206 divinae
171 2073 298 2206 Christi
313 2153 448 2208 naturae
467 2161 527 2230 per
543 2133 807 2220 incarnationem,
821 2133 914 2226 nihil.
926 2136 1052 2230 (quoad
1068 2149 1122 2206 es·
1221 2135 1226 2152 ’

21 2219 164 2290 sentiam
185 2239 218 2291 et
238 2221 459 2316 proprietates
475 2223 562 2312 ejus)
584 2217 634 2288 vel
658 2217 810 2301 accessit,
837 2217 896 2300 vel
912 2221 1068 2305 decessit,
1090 2232 1125 2294 et
1247 2293 1249 2298 ,

21 2328 180 2399 peream
203 2306 318 2391 inse,
354 2305 486 2402 velper
512 2319 675 2400 seneque
702 2301 866 2374 diminuta
894 2329 1003 2398 neque,
1028 2322 1125 2378 aucta
1171 2315 1174 2322 ⁴

20 2405 85 2459 esi.
190 2433 199 2444 =
441 2439 442 2444 =
629 2437 630 2444 κ
1168 2416 1176 2432 ·’

112 2479 188 2565 Jam
209 2477 300 2569 quod
325 2472 570 2564 adhumanant
593 2490 746 2544 naturam
775 2471 810 2542 in
829 2495 970 2566 persona
995 2472 1127 2566 Christi

15 2559 157 2641 attinet,
178 2586 244 2630 non
261 2561 434 2642 doluerunt
454 2559 608 2662 quidam,
638 2559 696 2659 qni
717 2563 969 2642 contenderent,
999 2560 1124 2630 camin
1179 2639 1181 2646 Α

18 2645 195 2742 personali
209 2647 308 2715 etiam
318 2673 392 2717 cum
407 2644 579 2716 diurnitate
594 2669 714 2714 unione
729 2641 813 2724 nihil
828 2643 976 2748 amplius*
988 2643 1121 2730 hahere,

20 2753 127 2824 qeram
143 2731 300 2814 duntaxat
313 2755 388 2808 snas
405 2730 570 2800 naturales
582 2729 771 2800 essentiales
783 2745 1016 2831 proprietates,
1030 2730 1122 2827 ‘qua7
1153 2751 1155 2758 ⁴

20 2839 102 2884 rum
115 2815 498 2914 rationosratrihussuis
514 2839 574 2914 per
590 2816 701 2906 anapia
717 2811 913 2915 similisest.
957 2808 1122 2916 Unde'al3
1159 2831 1162 2846 ‘

18 2901 220 2984 firmarunt,
242 2897 405 2970 humanae
418 2927 453 2970 tn
472 2902 610 2970 Chresto
624 2917 762 2976 naturae
777 2899 862 2970 nilrrl
877 2903 1120 2984 eorumtrrbnr
1207 2918 1210 2926 '

20 2985 78 3052 vol
97 2985 212 3054 dehere
225 2986 278 3053 vel
297 3007 411 3080 posse,
440 2987 531 3080 vquod
558 2986 602 3056 sit
625 3010 728 3080 supra
749 2985 799 3056 vel
827 3003 939 3055 contra
953 2985 1120 3056 naturales

17 3074 32 3138 i
60 3067 129 3138 sius
144 3069 384 3172 proprietates,
407 3068 535 3140 etiamsi
553 3071 617 3158 scri
644 3087 734 3142 turae
749 3069 938 3146 testimonia¹
956 3069 1122 3140 humanae

55 3151 154 3223 heiste
169 3171 305 3224 naturae
320 3155 403 3224 talia
418 3156 572 3230 tribuant.
616 3097 709 3224 lianc
729 3180 805 3225 vero
821 3153 969 3250 ipsorum
989 3155 1121 3250 opinio-

19 3265 101 3310 nem
126 3239 245 3309 falsam
269 3265 358 3320 esse,
389 3242 490 3310 verho
510 3241 573 3309 Dei
601 3242 682 3312 adeo
706 3241 878 3342 perspicue
901 3241 1121 3314 'demonstrari

18 3339 152 3420 potest,
174 3337 218 3392 ut·
229 3323 327 3394 etiam
343 3324 489 3418 ipsorum
504 3343 671 3395 consortes
686 3351 760 3396 eum
777 3351 885 3420 ipsum
903 3351 1048 3414 errorem
1066 3352 1121 3406 re-

15 3409 224 3508 prehendere
238 3425 270 3477 et
283 3409 417 3500 rejicere
433 3411 563 3480 tandem
579 3410 753 3506 coeperint.¹
784 3413 916 3480 ,Sacrae
937 3409 1025 3480 enim
1043 3408 1120 3482 lite-
1160 3461 1164 3499 ;
1187 3431 1191 3448 ·

16 3519 80 3577 rae
94 3508 127 3564 et
140 3489 315 3564 orthodoxi
330 3499 464 3577 Patres,
487 3495 665 3588 scripturae
681 3495 789 3566 verbis
804 3495 929 3578 edocti,
951 3493 1120 3590 praeclare
1162 3504 1164 3514 “

15 3593 201 3664 testantur,
224 3577 312 3674 quod
329 3579 473 3648 humana
500 3598 617 3650 natura
637 3581 679 3670 in,
697 3581 852 3663 Christe,
879 3604 951 3650 cam
974 3581 1016 3650 ob
1039 3606 1120 3660 cau·-
1182 3601 1190 3623 ⁴

14 3689 115 3746 sam,
135 3679 178 3734 ¹et
193 3663 278 3734 ,inde
299 3666 401 3747 adeo,
427 3665 610 3757 quodcum
633 3663 742 3734 divina
767 3682 882 3734 natura
906 3665 1120 3762 personaliter
1237 3676 1239 3684 '

13 3746 119 3818 unita
134 3765 201 3832 cst,
227 3749 283 3836 (de
308 3752 392 3819 osito
408 3749 625 3826 serviliscam
641 3767 674 3820 et
690 3748 936 3831 humiliatione,
958 3753 1024 3844 jam
1066 3751 1118 3820 lu·-
1211 3756 1217 3774 ¹

14 3831 149 3916 rilicata
167 3836 261 3902 etad
294 3849 433 3902 exteram
452 3835 630 3924 majestatis
644 3851 676 3904 et
691 3833 823 3906 virtutis
846 3833 974 3905 divinae
988 3775 1117 3906 exaita-

13 3927 69 3999 ta)
91 3934 224 4012 practer
247 3934 279 3986 et
299 3943 398 4012 supra
423 3919 607 4002 naturales,
634 3918 843 4008 essentiales,
872 3935 971 4014 atque
992 3917 1027 3988 in
1043 3921 1119 4014 ipsa

12 4018 253 4099 permanentes
267 4001 428 4102 humanas
450 4003 685 4100 proprietates,
716 4004 813 4074 etiam
832 4005 1117 4102 pinguiores,.ex-

14 4082 293 4170 c'ellentissimas,
314 4112 494 4172 maximas,
516 4085 801 4182 supernaturales,
830 4088 1124 4189 pmpcrvestigahir‘
1212 4137 1218 4142 -
1299 4145 1302 4152 .

14 4171 92 4254 les',
123 4169 471 4268 ineffabiles,'alquet
483 4173 650 4246 coelestest
660 4191 903 4268 praerogativas
925 4174 1115 4266 majestatis,
1182 4188 1185 4200 “

13 4255 165 4362 gloriae,
184 4255 361 4328 virtutisac
373 4256 540 4354 potentiae
554 4283 651 4377 super
673 4284 788 4343 omne,
810 4259 1133 4354 quodtuourinatnr,
1198 4365 1204 4378 ι
