2618 4902
176 341 221 416 72
509 325 517 361 ³
634 281 845 420 Apologia*
885 333 923 430 ⁴-
1062 317 1067 374 ῖ

231 494 313 565 *Ex
336 494 387 564 his
411 493 581 565 effectibus
596 493 672 566 fidei
685 487 861 592 excerpunt
883 473 1059 564 adversarii
1082 515 1214 571 uncam,
1237 490 1263 587 vi

175 581 293 674 delicet
315 580 541 672 dilectionem,
557 597 601 652 ,et
623 582 756 664 ducent,
804 581 871 650 uod
891 578 1020 650 dilectio
1036 575 1219 672 justificct;
1241 603 1252 674 J

177 665 348 736 manifeste
371 681 522 760 apparet,
553 690 608 734 eos
627 681 752 735 tantum
775 607 889 736 doecre
916 664 1036 753 limem.⁴
1076 667 1165 744 ‚Non
1194 687 1258 756 pru

105 828 109 834 ⁴
180 753 298 822 docent
317 748 462 844 accipere
484 749 710 844 remissionem
735 765 941 847 peccatorum
966 775 1021 842 per
1046 745 1156 818 iidem.
1212 751 1263 814 No

181 838 298 908 docent
323 836 363 904 de
386 833 563 926 mediatore
580 833 732 918 Christo,
762 835 852 929 quod
873 847 1004 930 propter
1021 831 1198 908 Christum
1229 829 1251 896 b

76 981 82 992 .
115 947 130 989 ’.
179 921 315 998 beamus
329 923 435 990 Deum
452 916 649 1020 emptitium,
679 920 737 1002 sed
752 936 883 1016 prepter
899 934 1044 988 nostram
1063 915 1273 986 dilectionem

102 1067 106 1074 .
181 1010 226 1088 Et
240 1021 349 1073 tamen
394 1001 479 1074 ualis
499 1019 542 1071 sit
562 1002 623 1074 illa
638 1003 789 1096 dilectio,
805 1029 883 1074 ‘non
899 1003 1027 1086 dicunt,
1054 1025 1165 1096 neque
1183 999 1256 1069 dice

181 1106 329 1186 possunt.
410 1088 592 1172 medicant,
622 1115 656 1160 sc
679 1089 784 1182 legem
802 1087 957 1183 implere,
987 1113 1062 1156 cum
1081 1085 1166 1156 haec
1182 1083 1269 1175 glori

181 1172 316 1271 proprie
338 1174 493 1243 debeatur
509 1171 660 1258 Christo,
692 1190 724 1244 et
739 1173 891 1244 fiduciam
916 1173 1125 1270 propriorum
1147 1196 1238 1266 oper

182 1274 355 1354 opponunt
374 1257 493 1352 judicio
511 1259 591 1344 Dei,
616 1259 730 1332 dieunt
744 1259 848 1342 enim,
880 1260 967 1328 sede
984 1257 1151 1346 condigno
1169 1282 1263 1323 mere

183 1343 323 1435 gratiam
343 1359 374 1412 et
394 1343 688 1424 vitamaeternam.
732 1349 821 1414 Haec
842 1359 891 1412 est
910 1341 1101 1436 simpliciter
1122 1341 1239 1433 impia

79 1449 83 1461 ¹
118 1487 121 1490 .
185 1451 268 1498 vana
285 1427 411 1498 fiducia.
452 1431 536 1496 Nam
552 1429 590 1498 in'
604 1427 664 1500 hac
679 1428 746 1500 vita
761 1433 829 1498 non‘
844 1451 1016 1522 possumus
1033 1423 1099 1515 legi
1111 1425 1287 1494 satisfacc·

183 1539 238 1595 re,
282 1512 339 1582 uia
360 1529 475 1582 natura
500 1513 639 1583 carnalis
653 1540 721 1583 non
743 1511 862 1584 desinit
877 1511 982 1582 malos
1005 1509 1144 1582 effectus
1162 1534 1251 1607 pare

112 1685 114 1691 Ι
189 1597 252 1667 etsi
260 1537 324 1669 iris
338 1598 462 1666 resistit
477 1597 613 1692 spiritus
625 1598 661 1668 in
674 1597 781 1681 nobis.
805 1657 807 1664 ,

228 1685 230 1692 ’
272 1683 339 1754 Sed
353 1699 489 1776 quaerat
503 1681 636 1775 aliquis.
677 1685 764 1753 Cum
778 1697 811 1752 et
823 1707 883 1752 nes
896 1680 1061 1752 fateamur
1076 1678 1246 1750 dilection

188 1791 259 1838 esse
275 1791 359 1862 opus
374 1765 519 1860 Spiritus
541 1767 645 1838 sancti
669 1793 809 1863 cumque
830 1766 873 1838 sit
895 1766 1040 1860 justitia,
1064 1763 1141 1859 quia
1161 1767 1293 1859 estius

187 1851 289 1948 pletio
313 1850 412 1941 legis,
448 1877 505 1920 cur
524 1874 591 1922 non
613 1852 804 1936 doceamus,
834 1853 925 1946 ¹qum
945 1849 1120 1942 justificet?
1151 1850 1214 1918 Ad

38 1915 47 1933 i
83 2003 86 2006 .
186 1933 450 2037 respondendum
467 1951 532 2006 cst:
568 1936 718 2007 Primum
733 1934 930 2009 hoccertum
945 1953 1010 2028 est,
1047 1934 1230 2029 quodnon
1247 1959 1290 2004 ac·

187 2043 327 2114 cepimus
350 2017 572 2089 remissionem
602 2040 826 2116 peccaterum,
871 2047 913 2090 ne
938 2035 978 2089 u'e
998 2045 1057 2114 per
1079 2017 1290 2087 dilectionem

104 2121 111 2138 ⁴
187 2129 294 2199 neque
319 2111 454 2198 propter
473 2101 682 2186 dilectionem
700 2099 864 2187 austrini,
888 2045 945 2174 sii
962 2121 1096 2200 propter¹
1113 2102 1291 2178 Christum

187 2188 350 2258 solabd'e.
403 2189 483 2258 Sola
504 2190 600 2273 fides,
634 2217 716 2284 quae
739 2190 884 2272 intuetur
898 2191 932 2272 in
954 2186 1239 2284 promissionem,
1271 2205 1293 2254 et

188 2273 288 2343 sentit
303 2273 377 2342 ideo
392 2287 478 2346 certo
496 2277 703 2344 statuendum
721 2301 800 2359 esse,
827 2275 917 2369 quod
931 2279 1022 2342 Deus
1030 2272 1203 2362 ignoscat,
1223 2273 1293 2368 qnia

190 2357 341 2427 Christus
357 2383 423 2426 non
439 2357 481 2426 sit
497 2359 617 2428 frustra
635 2377 801 2440 mortuus,
825 2375 884 2430 etc.
900 2357 1000 2428 vincit
1014 2375 1161 2426 terrores.
1177 2383 1292 2450 pecca-

189 2441 217 2510 ti
235 2458 268 2512 et
286 2443 412 2514 mortis.
456 2443 493 2512 si
514 2443 588 2539 quis
607 2439 752 2528 dubitat,
781 2463 893 2513 utrum
908 2442 1115 2513 remittantur
1131 2439 1205 2510 sibi
1223 2469 1305 2545 P?⁶‘'

58 2529 63 2539 '
176 2543 276 2608 cata,
299 2528 496 2598 contumelia
518 2529 618 2598 afficit
636 2531 824 2612 Christum,
853 2554 926 2598 cum
941 2536 1108 2622 peccatum
1124 2551 1232 2595 suum
1247 2553 1294 2619 Ju-

188 2613 276 2684 dicat
294 2614 418 2720 majus,
447 2629 503 2682 aut
518 2612 685 2682 efficacius
702 2639 788 2694 esse,
818 2637 916 2706 quam
938 2628 1075 2680 mortem
1094 2627 1125 2678 et
1144 2615 1294 2698 prornis-

188 2693 314 2768 sionem
331 2695 466 2764 Christi.
510 2697 597 2771 Cum
613 2697 734 2766 Paulus
750 2697 834 2768 dicat
848 2697 987 2789 gratiam
1003 2695 1184 2765 exuberare
1201 2719 1296 2792 supra

188 2798 375 2874 peccatum,
407 2779 547 2878 bocest,
577 2781 833 2852 misericerdiam
854 2782 1048 2881 ampliorem
1072 2805 1162 2863 esse,
1199 2807 1297 2876 quarn

188 2882 367 2960 peccatum.
412 2865 449 2932 Si
486 2891 536 2934 urs
556 2865 652 2936 sentit
667 2891 702 2935 se
716 2867 790 2936 ideo
804 2892 958 2962 consequi
970 2863 1204 2936 remissionem
1226 2893 1297 2961 pec-

190 2959 358 3032 caterum,
381 2891 599 3043 quia-biligic,
622 2949 721 3020 afficit
734 2951 931 3021 contumelia
943 2950 1132 3029 Christum,
1155 2967 1194 3020 et
1210 2977 1300 3020 com-

190 3051 296 3130 periet
312 3061 354 3133 m·
371 3035 496 3127 Jndrcro
516 3035 581 3106 Dei
606 3035 690 3106 banc
709 3035 864 3105 fiduciam
886 3036 1040 3130 propriae
1050 3033 1213 3187 gestitiae
1240 3038 1301 3106 im-

67 3172 77 3182 .
125 3177 127 3182 .
213 3120 327 3189 iamet
343 3131 583 3190 inanemesse.·
610 3126 920 3210 Ergonecesseest,
944 3121 1033 3213 quod
1067 3119 1302 3192 'desreconci-

161 3223 164 3234 ¹
187 3145 258 3287 iiet,
279 3217 311 3274 ct
325 3203 487 3296 justificet.
507 3209 555 3274 Et
569 3203 653 3274 sicut
666 3231 733 3274 non
748 3204 925 3298 accipimus
941 3203 1165 3296 remissionem
1182 3232 1304 3360 pecca-

189 3306 301 3360 torum
321 3314 383 3384 per
405 3288 487 3387 alias
511 3288 646 3360 virtutes
668 3288 766 3378 legis,
802 3305 1015 3388 seurpropter
1036 3309 1109 3369 eas,
1145 3291 1181 3358 vi
1212 3293 1305 3360 elicet

76 3389 83 3396 ’
188 3389 326 3468 propter
349 3373 561 3468 patientiam,
600 3377 798 3456 castitatem,
838 3374 1057 3444 obedientiam
1081 3398 1159 3464 erga
1186 3378 1305 3466 Magi-

184 3473 328 3541 stratus,
359 3473 416 3527 etc.
432 3473 589 3528 ettamen
605 3457 664 3528 has
684 3457 819 3526 virtutes
835 3458 935 3552 sequi¹
946 3474 1091 3552 oportet:
1118 3465 1168 3527 lta
1193 3486 1305 3555 neque

188 3557 325 3638 prepter
345 3541 551 3612 dilectionem
565 3541 628 3611 Dei
641 3540 817 3637 accipimus
834 3542 1060 3613 remissionem
1077 3560 1305 3637 peccatorum,

189 3625 251 3696 etsi
269 3625 362 3726 sequi
385 3652 458 3696 eam
477 3651 605 3696 necesse
629 3643 688 3695 est.
741 3628 914 3696 Caeterum
932 3643 1010 3696 nota
1033 3643 1081 3696 est
1094 3631 1305 3700 consuetude

88 3733 94 3746 ’
188 3735 372 3794 sermonis,
409 3709 498 3806 quod
513 3709 679 3789 interdum
698 3711 812 3780 eodem
837 3711 936 3780 verbo
954 3735 1085 3781 causam
1104 3727 1136 3781 ct
1159 3713 1305 3787 effectus

189 3794 439 3890 complectimur
454 3795 539 3866 κατὰ
555 3795 762 3886 συνεκδοχήν.
796 3795 1115 3895 ltaLucaeseptimo
1126 3796 1177 3868 ait
1198 3800 1305 3870 Chri-

190 3895 277 3948 stus:
299 3879 524 3948 Remittuntur
548 3883 578 3950 ei
602 3898 733 3972 peccata
754 3881 878 3959 muita;
911 3881 990 3975 quia
1017 3881 1128 3952 dilexit
1144 3885 1304 3955 multum

189 3968 422 4057 interpretatur
438 3967 524 4034 enim
538 3967 683 4060 seipsum
700 3964 870 4045 Christus,
900 3991 974 4035 cum
989 3967 1096 4036 addit:
1125 3968 1235 4040 Fides
1256 3989 1305 4038 tua

189 4047 464 4118 salvamtefeeit.
513 4055 589 4120 Non
613 4050 714 4142 igitur
737 4049 1034 4132 voiuithristns‚
1066 4051 1159 4144 quod
1178 4055 1305 4124 mulier

159 4215 164 4228 ·
188 4131 248 4202 illo
263 4159 364 4230 opere
387 4133 567 4234 dilectionis
587 4136 702 4205 merita
726 4151 809 4204 esset
832 4135 1064 4233 remissionem·
1078 4154 1305 4230 peccatorum

189 4217 266 4286 ideo
280 4243 369 4290 curm
392 4218 476 4298 dare
490 4221 583 4292 dicrt:
613 4222 711 4292 tides
733 4230 940 4292 tua‘satvam
957 4236 987 4290 te
1004 4219 1089 4290 fecit
1151 4226 1203 4292 At
1221 4223 1305 4296 fide
