2618 4902
177 342 187 374 ³
225 364 296 438 iod
450 415 453 424 ,
641 401 646 412 ·
697 357 878 466 dpologia

205 541 290 630 'Qui
310 540 414 612 eredit
426 545 463 612 in
480 567 574 627 eum,
605 567 671 614 non
710 535 876 627 udicatui,
897 558 954 613 etc.
999 543 1138 632 Quoties
1163 545 1296 634 igiturd

136 637 140 646 '
219 625 445 697 misericordia
470 627 604 712 dicitur,
640 571 789 698 addenda
813 646 867 698 cst
895 631 974 697 fides
1005 629 1298 722 promissionis,e

218 709 299 780 haec
312 712 391 794 fides
405 712 493 805 parit
509 731 627 783 certam
643 739 752 808 spem,
777 713 852 807 quia
868 711 985 787 nititur
998 713 1097 782 verbo
1112 731 1145 784 et
1160 718 1298 783 mandit

192 886 195 895 s
218 796 292 896 Dei.
336 795 374 866 Si
397 823 471 892 spes
493 797 650 866 niteretur
673 799 845 894 operibus,
880 814 959 897 tunc
975 823 1052 867 vero
1073 815 1158 867 esset
1180 799 1297 870 incerti

217 903 295 1036 guia
308 907 406 976 opera
422 906 490 952 non
501 901 640 977 possunt
653 909 769 976 pacare
784 897 1026 967 conscientiam,
1050 899 1209 978 utsupra
1231 911 1298 978 saep

240 966 338 1035 ictum
355 981 411 1035 est.
455 971 500 1037 Et
516 967 594 1037 hacc
608 969 689 1037 fides
708 966 789 1038 lacit
802 967 975 1036 discrimen
993 968 1078 1038 inter
1092 966 1171 1048 lios,
1201 970 1298 1063 quibu

216 1051 378 1140 contingit
394 1046 508 1135 salus,
532 1069 563 1122 et
578 1052 672 1135 illos,
703 1053 821 1148 quibus
833 1079 901 1121 uon
917 1053 1081 1142 contingit.
1124 1053 1236 1123 Fides
1249 1055 1297 1122 fat

216 1135 486 1236 discrimentinter
508 1131 624 1241 dignos
647 1155 678 1207 et
692 1138 860 1228 indignos,
893 1137 968 1244 quia
991 1138 1056 1209 viia
1079 1154 1220 1208 aeterna
1246 1165 1298 1234 pro

199 1245 314 1290 missa
329 1238 377 1291 est
389 1222 589 1309 resilientis,
619 1224 697 1300 fides
714 1240 823 1292 autem
839 1222 1000 1291 ’ustificat
1099 1263 1101 1268 ·

243 1345 246 1352 Α
297 1310 363 1378 Sed
380 1304 560 1378 hicitcrum
577 1307 789 1385 clamitabunt
803 1251 1001 1389 adversarii,
1031 1305 1113 1374 nihil
1137 1321 1158 1376 ο
1188 1335 1234 1378 us
1257 1335 1298 1379 essi

211 1391 306 1460 honis
323 1387 494 1486 operibus,
520 1395 630 1474 sinon
649 1407 813 1461 merentur
828 1392 928 1460 vitam
945 1407 1117 1462 aeternam.
1159 1333 1248 1462 llas
1268 1419 1298 1462 ce

212 1476 352 1547 lumnias
366 1501 464 1580 supra
478 1478 702 1548 refutavimus.
746 1483 816 1545 Iino
829 1501 903 1545 rere
917 1501 1045 1545 necesse
1063 1493 1113 1544 cst
1126 1478 1223 1547 bene
1243 1505 1298 1572 ope

211 1562 288 1633 rari.
330 1564 519 1652 Jusnficatis
538 1563 674 1652 dlciinus
694 1560 888 1656 promissam
912 1587 980 1630 esso
1003 1561 1103 1638 vitam
1127 1581 1298 1640 aeternari

209 1651 254 1716 At
270 1671 329 1718 nec
342 1649 459 1731 fidem,
489 1675 547 1717 nec
558 1647 714 1740 justitiam
732 1646 872 1715 retinent
888 1645 959 1727 llli,
992 1646 1049 1738 qni
1067 1647 1253 1718 ambulant
1266 1675 1297 1716 se

209 1733 352 1802 eundum
374 1758 513 1802 carnem.
556 1731 892 1821 ideoijnstilicamiir,
921 1747 956 1800 nt
979 1729 1078 1818 justi,
1115 1733 1212 1804 benc
1241 1761 1297 1826 opt·

139 1843 142 1850 ¹
208 1816 294 1899 rari,
331 1814 363 1886 et¹
385 1817 516 1888 obedire
545 1817 610 1908 legi
633 1811 696 1886 Dei
717 1816 921 1916 incipiamus.
964 1817 1042 1883 Ideo
1063 1841 1296 1905 regeneramur.

208 1919 240 1970 et
253 1901 419 1996 Spiritum.
430 1917 580 1974 sanctum
597 1900 793 1994 accipimus,
823 1917 860 1978 ut
874 1923 959 1970 nova
984 1899 1053 1968 vita
1076 1897 1206 1971 habeat
1233 1927 1296 1974 non

153 2001 171 2032 '-
206 2011 326 2080 opera,
355 1985 628 2072 novosallectus,
656 1989 827 2068 timorem,
856 1984 1059 2054 dilectionem
1074 1984 1157 2068 Dei,
1197 1990 1296 2058 odiun

207 2071 497 2164 concupiscentiae,
528 2089 585 2142 etc.
616 2076 712 2143 -Haec
726 2071 823 2152 fides,
853 2070 893 2138 de
908 2093 973 2172 qua
987 2067 1178 2164 loquimur,
1204 2073 1295 2142 existit

207 2154 242 2224 in
264 2156 474 2262 poenitentia.
514 2161 560 2226 Et
580 2155 664 2257 inter
683 2160 769 2228 hona
797 2177 915 2314 opera,
948 2153 1033 2224 inter
1055 2156 1263 2254 tentationes
1279 2175 1295 2224 a

204 2241 349 2336 pericula
373 2243 559 2332 confirmari
585 2254 620 2312 et
642 2257 784 2313 cresccre
813 2241 932 2328 chet,
958 2256 999 2320 ut
1019 2239 1156 2308 subinde
1190 2243 1294 2311 certius

205 2329 294 2421 apud
309 2353 371 2412 nos
385 2345 577 2411 statuamus,
605 2330 695 2426 quod
710 2333 800 2396 Deus
815 2339 950 2422 propter
963 2323 1135 2408 Christum
1150 2328 1294 2423 respiciat

125 2443 128 2454 ’
205 2437 283 2513 nos,
311 2414 456 2504 ignoscat
479 2414 597 2496 nobis,
632 2412 786 2484 exaudiat
805 2429 886 2490 nos.
928 2413 1015 2477 Haec
1031 2433 1107 2477 non
1131 2410 1294 2482 discuntur

72 2515 74 2522 ⁴
117 2493 121 2509 '
205 2523 273 2585 sine
289 2499 418 2591 magnis
434 2513 466 2566 et
479 2498 592 2567 multis
617 2497 858 2573 certaminibus,
901 2493 1040 2581 Quoties
1061 2495 1212 2566 recurrit
1232 2523 1291 2568 eon·

203 2586 354 2666 scientia,
388 2583 518 2677 quoties
534 2581 684 2652 sollicitat
698 2583 739 2652 ad
755 2577 1030 2676 desperationem,
1053 2591 1128 2670 cuin
1144 2583 1291 2652 ostendit

203 2686 260 2740 aut
280 2687 387 2738 vetera
407 2681 553 2760 peccata,
581 2685 638 2736 aut
660 2691 763 2749 nova,
798 2683 854 2736 aut
873 2663 1115 2732 immunditiem
1138 2672 1292 2734 naturae?

203 2757 275 2840 Hoc
287 2752 539 2844 chirographum
554 2777 621 2820 non
637 2752 766 2820 deletur
784 2751 853 2820 sine
872 2773 923 2818 ina
949 2773 992 2818 no
1007 2773 1122 2837 agone,
1147 2767 1191 2818 ut
1208 2769 1292 2820 tesn-

199 2854 256 2907 tur
270 2837 487 2932 experientia,
518 2861 617 2932 quain
632 2835 774 2906 difficilis
797 2861 848 2905 res
860 2834 901 2903 sit
918 2773 1006 2903 ides.
1048 2837 1094 2901 Et
1115 2833 1206 2903 dum
1226 2837 1295 2914 inter,

201 2925 338 2994 terrores
353 2921 512 3014 erigimur
528 2939 559 2992 et
571 2921 825 2992 consolationem
845 2918 1061 3014 concipimus,
1091 2916 1200 2989 simul
1217 2915 1295 2990 cres!

200 3025 278 3077 eunt
296 3007 353 3076 alii
373 3026 480 3080 motus
503 3006 710 3102 spirituales,
738 3005 854 3075 notitia
867 3002 945 3085 Dei,
974 3001 1183 3086 timoerci,
1220 3031 1291 3099 spes

200 3092 328 3164 dilectio
344 3095 434 3174 net,
452 3081 487 3164 el
505 3091 752 3184 regeneramur,
783 3107 829 3190 ut⁴
843 3088 890 3187 ait
911 3087 1054 3168 Paul-os,
1084 3087 1128 3154 ad
1149 3091 1290 3190 agnitio

187 3179 355 3260 'nemIJei,
374 3179 575 3250 etintuenies
586 3177 868 3267 gloriamDomini
884 3172 1158 3269 transformamur
1176 3201 1291 3243 meare

198 3265 274 3336 dein
294 3264 485 3365 imaginem,
513 3263 548 3330 id
575 3279 641 3345 est,
672 3257 873 3354 concipimus
903 3281 1013 3325 veram
1041 3261 1202 3354 notitiam
1225 3259 1291 3329 Dei.

199 3364 235 3418 ut
253 3373 327 3418 vere
348 3363 521 3420 timeamus
546 3369 639 3427 oum,
661 3368 741 3414 nere
762 3342 962 3413 confidamus
983 3365 1044 3409 nos
1065 3343 1213 3434 respici,
1244 3367 1292 3410 noi

197 3433 353 3504 exaudiri.
394 3439 481 3506 Haec
495 3430 698 3524 regeneratio
715 3446 763 3497 est
776 3426 872 3522 quasi
892 3425 1056 3498 inchoatio
1069 3439 1233 3498 aeternae
1253 3427 1291 3494 n‘-

165 3593 169 3602 ,
198 3533 267 3604 tae,
295 3535 334 3588 ut
351 3520 474 3589 Paulus
488 3517 547 3587 ait:
592 3514 630 3584 Si
650 3504 799 3582 Christus
821 3512 856 3582 in
874 3511 968 3580 robis
994 3527 1058 3590 est,
1087 3511 1235 3614 spiritus
1250 3511 1291 3577 vi-

196 3601 259 3688 vit,
287 3617 534 3702 corpusautcm'
549 3607 806 3679 mortuiir'iiest,
835 3613 892 3666 etc.
934 3599 980 3668 Et
1004 3596 1290 3698 superinduemur,

195 3685 224 3755 sl
239 3706 345 3759 tamen
359 3688 478 3770 induti,
497 3711 562 3756 non
577 3683 656 3752 nodi
668 3684 877 3776 reperiemur.
919 3683 969 3748 Ex
983 3677 1035 3748 his
1047 3678 1201 3770 judicare
1218 3707 1290 3752 caii*

195 3773 289 3846 didus
302 3775 404 3846 lector
416 3787 539 3868 potest,
566 3795 627 3840 nos
641 3768 779 3838 maxime
794 3765 959 3864 requirere
977 3765 1066 3865 hona
1086 3788 1217 3857 opera,
1252 3765 1289 3836 si-

194 3860 325 3952 quidem
341 3859 425 3928 hanc
440 3857 537 3928 fidem
561 3856 711 3924 docemus
735 3852 769 3919 in
782 3865 980 3947 poenitentia
1005 3865 1161 3947 cristere,
1189 3868 1223 3919 et
1239 3851 1289 3920 de

193 3943 269 4014 here
287 3944 425 4028 subinde
441 3967 580 4012 crescere
593 3939 628 4007 in
642 3935 864 4030 poenitentia,
895 3949 926 4002 et
941 3957 976 4000 in
996 3931 1050 4031 liis
1062 3932 1166 4030 rebus
1180 3937 1288 4028 perse

123 4059 125 4064 ·
189 4031 335 4112 ctionem
365 4026 604 4107 Christianam,
642 4039 675 4092 et
699 4019 901 4116 spiritualem
930 4041 1102 4118 ppnimus,
1136 4015 1288 4116 sisinnii

192 4130 337 4184 crescant
353 4110 570 4206 poenitentia,
591 4124 624 4179 et
638 4109 719 4180 fides
732 4107 766 4174 iu
782 4104 992 4198 poenitentia.
1034 4106 1124 4201 Haec
1141 4103 1287 4194 intellig

190 4197 307 4270 meliu's
325 4222 344 4266 a
361 4197 423 4292 piis
434 4211 589 4290 possunt,
621 4202 719 4288 quani
739 4214 822 4285 quae
845 4189 885 4256 de
907 4186 1203 4289 contemplatione,
1237 4201 1287 4285 nn

89 4331 91 4336 -
190 4283 387 4381 perfectione
401 4282 490 4380 apud
503 4276 707 4351 adversarios
721 4277 890 4347 docentur.
909 4319 913 4337 ·
932 4275 1025 4344 Sicut
1038 4286 1146 4342 autem
1159 4275 1286 4366 Justiii
