2750 4902
674 61 931 104 ‚Ay

223 329 273 406 38
308 275 329 394 .’
570 321 761 436 Cenlbssio
790 279 1013 432 ¹augustana.
1099 364 1123 374 Η

308 507 464 644 Apostoli
478 512 645 602 jusserunt
665 505 829 610 abstinere
842 531 862 579 a
876 508 1054 664 ιιιιιῗιίιιε,Ι
1073 507 1150 606 quis
1165 515 1252 610 nune
1269 512 1332 608 ob7

212 612 350 686 ,servat
370 621 475 690 neque
485 611 751 746 tamenpeccant,
767 619 908 689 quinon
923 621 942 664 ο
966 613 1105 678 servant,
1120 621 1199 690 quta
1215 620 1257 662 ne
1267 621 1333 688 rpst

223 678 361 777 quidem
379 678 534 774 Apostoli
551 705 594 747 vo
610 695 727 748 uerunt
750 705 885 750 onerare
902 681 1119 750 conscientias
1140 679 1199 750 tali
1222 680 1333 748 servi—

224 777 306 847 tute,
329 766 386 834 sed
404 767 444 832 ad
462 759 591 858 tempus
606 763 856 860 prohibuerunt,
879 780 1015 860 propter
1034 761 1237 836 scandalum.
1271 771 1335 832 Est

224 849 314 920 enirn
355 870 389 918 er
415 865 487 918 etua
513 847 667 942 uoluntas
683 849 859 940 Evangelii
879 849 1172 920 considerandam
1192 849 1335 919 decreto.

147 991 148 998 ι
214 937 294 1020 *Vix
308 873 373 1003 ulli
391 875 541 1003 banones
555 951 725 1003 servantur
742 951 908 1016 accurate,
930 951 961 1004 et
974 933 1236 1028 multiquotidie
1253 961 1336 1004 exo-

225 1016 353 1089 lescunt
370 1021 459 1116 apud
473 1019 548 1086 illos
566 1018 686 1099 etiam,
712 1019 769 1110 qui
799 1018 1051 1109 diligentissime
1067 1018 1244 1088 defendunt
1260 1036 1335 1088 tra-

225 1101 375 1173 ditiones.
405 1107 473 1174 Nec
487 1112 597 1202 potest
615 1103 823 1202 conscientiis
837 1103 985 1202 consuli,
1008 1103 1167 1203 nis'ibaec
1182 1104 1334 1204 aequitas

160 1276 161 1280 Ἰ
189 1222 194 1244 2
226 1205 391 1270 servetur,
421 1205 461 1272 ut
482 1214 622 1262 sciamus
644 1213 700 1257 eos
717 1213 788 1258 sme
804 1194 961 1282 opimone
978 1205 1177 1270 necessitatis
1195 1214 1334 1272 servari,

226 1297 287 1349 uae
301 1272 389 1343 laedi
408 1271 643 1356 conscientias,
666 1271 797 1344 etiamsi
816 1273 1012 1344 traditiones
1030 1270 1223 1362 exolescant.

310 1357 420 1444 Facile
444 1377 553 1442 autem
575 1372 710 1454 possent
723 1356 881 1452 Episcopi
903 1356 1083 1450 legitimam
1109 1355 1335 1428 obedientiam

225 1443 379 1528 retinere,
397 1445 425 1526 si
440 1471 508 1513 non
523 1460 675 1532 elegerent
687 1467 816 1526 seruare
832 1443 1037 1526 traditiones,
1051 1467 1134 1538 quae
1149 1444 1238 1512 bona
1254 1468 1335 1512 con-

175 1552 177 1561 ’
225 1527 361 1600 scientie
385 1528 507 1598 servari
532 1553 599 1596 non
620 1542 772 1620 possunt,
828 1531 922 1596 Nunc
944 1529 1106 1622 imperant
1122 1527 1336 1610 coelibatum,

195 1657 200 1675 .
224 1613 340 1685 nullos
353 1611 543 1708 recipiunt,¹
560 1611 626 1688 nisi
642 1615 755 1704 jurent
768 1637 802 1684 se
818 1638 937 1716 puram
949 1612 1131 1706 'Evangelii
1147 1612 1336 1684 doctrinam

224 1698 317 1769 nolle
331 1699 456 1770 docere.
487 1702 563 1767 Non
577 1712 693 1789 petunt
701 1683 884 1781 Ecdesrae,
906 1713 943 1773 ut
956 1697 1078 1792 Episco
1103 1696 1268 1768 ibonoris
1288 1697 1336 1766 sui

224 1783 352 1880 jactem
363 1783 508 1860 sarciant
523 1781 751 1865 concordiam,
770 1783 985 1876 quodtamen
1004 1722 1136 1854 deceliat
1150 1784 1260 1853 bonos
1277 1809 1336 1878 pa-

226 1875 331 1942 stores
347 1866 464 1938 facere.
515 1871 660 1936 Tantum
675 1883 807 1962 petunt,
843 1886 880 1938 ut
895 1868 1014 1960 injusta
1033 1891 1132 1938 onera
1150 1867 1336 1952 remittant,

226 1969 312 2048 quae
337 1959 424 2024 noia
440 1966 533 2040 sunt,
545 1968 577 2020 et
590 1968 718 2040 praeter
731 1951 1174 2028 consuetudinemEccleslne
1190 1953 1335 2040 catholi-

226 2053 283 2114 cae
304 2044 453 2132 recepta.v
505 2035 668 2110 Fortassis
689 2034 787 2118 initio
812 2039 972 2134 quaedam
998 2037 1252 2107 constitutiones
1276 2039 1336 2106 ba-

134 2167 139 2174 -
224 2119 369 2192 buerunt
381 2119 574 2216 probabiles
584 2143 707 2204 causae,
721 2129 805 2216 quae
821 2141 931 2192 tamen
946 2121 1184 2216 posterioribus
1200 2138 1336 2216 tempo-

225 2205 318 2280 ribus
338 2231 407 2280 non
421 2224 614 2296 congruunt.
663 2207 810 2302 Apparet
823 2208 922 2296 etiam
937 2207 1094 2302 quasdam
1112 2232 1222 2277 errore
1242 2235 1336 2278 rece«

225 2307 300 2388 ptas
316 2315 402 2376 esse,
426 2291 726 2393 quarel'ontiliciae
742 2292 932 2378 clementiae
950 2307 1048 2374 esset,
1076 2291 1151 2360 illas
1167 2315 1257 2360 nunc
1274 2295 1337 2362 mi-

228 2379 254 2450 ti
277 2401 350 2464 are,
382 2375 550 2470 quietalis
572 2377 710 2446 mutatio
726 2401 793 2446 non
814 2377 1140 2448 labefacitEcclesiae
1164 2375 1337 2447 unitatem.

223 2403 355 2538 'biultae
372 2461 459 2532 enim
474 2459 669 2534 traditiones
685 2462 847 2532 humanae
861 2479 1008 2556 tempore
1024 2479 1169 2550 mutatae
1186 2479 1287 2547 sunt,
1307 2481 1339 2531 ut

227 2548 408 2638 ostendunt
425 2544 491 2640 ipsi
509 2548 669 2616 Canones.
714 2549 815 2636 Quod
831 2547 859 2616 si
874 2574 942 2616 non
960 2564 1067 2640 potest
1085 2546 1282 2642 impetrari,
1305 2565 1338 2616 ut

227 2629 415 2706 relaxentur
438 2631 701 2718 observationes,
742 2657 826 2728 quae
853 2632 923 2701 sine
950 2645 1083 2726 'peccato
1106 2645 1173 2703 non
1194 2649 1340 2726 possunt

164 2727 168 2734 '
226 2714 409 2814 praestari,
447 2729 576 2810 oportet
597 2738 657 2785 nos
683 2717 833 2807 regulam
854 2716 1080 2812 Apostolicam
1103 2713 1217 2810 sequi,
1251 2745 1340 2812 qrrae

137 2801 140 2812 ’
227 2799 338 2898 praeci
364 2800 405 2902 it,
436 2803 510 2870 Deo
536 2799 649 2889 magis
666 2800 818 2884 obedire,
849 2811 948 2896 quarn
968 2801 1170 2884 honn'nibus.
1216 2806 1340 2875 Petrus

227 2899 319 2960 vetat
339 2828 524 2978 ilptscopos
552 2885 736 2969 dominari,
776 2904 809 2955 et
831 2885 988 2964 Ecclesiis
1011 2886 1182 2980 imperare
1241 2892 1342 2956 Nunc

215 2995 297 3042 ⁴non
316 2969 353 3043 id
369 2967 502 3058 agitur,
531 2985 570 3037 ut
593 2969 773 3042 dominatio
797 2971 957 3066 eripiatur
977 2970 1169 3066 Episcopus,
1192 2973 1254 3041 sed
1284 2973 1342 3044 boe

155 3077 160 3096 ‘
228 3079 335 3125 unum
350 3053 488 3149 petitur,
511 3070 548 3124 ut
559 3054 964 3148 patiantur'Evangelium
981 3083 1063 3151 pure
1081 3057 1204 3142 doceri,
1229 3075 1265 3127 et
1291 3087 1343 3128 re-

227 3137 472 3234 laxentpaucas
493 3142 650 3233 quasdam
664 3141 913 3224 ohservationes,
936 3165 1020 3234 quae
1036 3141 1105 3209 sine
1118 3158 1251 3234 peccato
1273 3169 1343 3213 ser-

130 3249 147 3308 f
227 3224 301 3294 vari
315 3233 384 3294 non
399 3239 546 3318 possunt.
596 3227 698 3314 Quod
714 3227 744 3294 si
757 3225 842 3294 nihil
862 3225 1070 3310 remiserint,
1102 3225 1165 3320 ipsi
1183 3225 1355 3309 viderint„

175 3341 186 3369 a
229 3307 399 3404 quomodo
415 3313 487 3376 Deo
504 3306 666 3378 ratioirem
681 3311 841 3382 reddituri
859 3309 948 3396 siut,
970 3311 1061 3410 qued
1078 3309 1266 3410 pertinacia
1286 3341 1355 3384 sua¹

179 3451 181 3458 1
229 3415 362 3471 mnsam
375 3390 543 3468 susum
556 3395 723 3490 praebent.
1172 3416 1176 3428 ’

688 3693 891 3774 .’,’
