2610 4900
221 327 228 336 ·
323 277 586 366 ¹Cateelrisruus
610 283 741 378 major.
803 260 809 274 i
1006 279 1131 384 ιβίίξι*

30 456 188 558 quantulum
209 459 363 552 pecuniae
382 455 583 552 possessriri‚
620 459 676 529 sed
696 459 783 554 quod
809 457 1091 560 longovillari

30 561 88 625 unt,
116 561 293 612 cttmureatu
324 545 471 614 instructi
505 544 696 639 splendido,
735 544 823 639 pacis
853 543 1092 642 t'anqurlljtate

29 627 152 706 fruituri,
173 628 328 712 breviter,
349 648 507 723 perpetuo
523 630 638 700 divites
654 655 691 700 ae
707 628 805 698 beati.
853 573 965 715 (buare
990 629 1090 715 etiam

29 730 97 805 uque
115 713 329 798 etiamcura,
352 731 405 795 ut,
430 715 520 810 quod
545 715 688 784 osticium
711 712 945 803 tuurnexigit,
961 729 1091 806 promte

28 797 338 892 iacias,'omnemque
359 825 470 868 curam
494 799 527 869 in
551 805 660 870 Deum
680 798 836 892 rejicias,¹
862 797 1030 950 ‹promodo
1058 815 1090 893 te

28 881 133 948 diturus
150 883 210 962 sit,
232 899 289 952 aut
308 883 396 954 oumi
414 885 507 979 eopia
521 883 746 953 instructurus.
793 887 870 972 Quo
916 883 943 950 si
963 883 1091 974 promi-

27 971 59 1044 tit,
77 993 283 1060 necunquam
304 968 456 1064 cuiquam
473 969 610 1038 mendax
627 986 684 1038 aut
700 969 850 1062 deceptor
864 967 1015 1055 inventus
1032 983 1090 1052 est,

27 1077 64 1118 tec
75 1049 128 1118 tibi
144 1052 324 1124 rlteutietur.
660 1053 664 1064 ’
681 1111 685 1122 .
1083 1067 1085 1074 ’

83 1139 179 1217 Haec,
209 1137 363 1231 iuquam,
384 1163 444 1208 nos
460 1163 637 1234 provocare
655 1137 825 1217 debebant,
849 1161 886 1206 ac
901 1135 998 1206 talem
1017 1135 1092 1204 ani·
1158 1145 1161 1153 ⁴

26 1245 90 1288 tuum
110 1221 228 1298 facere,
260 1225 373 1318 quise
397 1223 545 1294 omnium
564 1221 799 1302 amantissime
812 1219 993 1292 effunderet
1015 1232 1092 1312 erga
1138 1247 1141 1260 ·

26 1329 69 1386 ros,
90 1306 201 1397 quibus
217 1307 376 1378 bonorem
391 1310 557 1408 debemup,
579 1305 993 1410 ita-utsupiuismauibus
1010 1331 1092 1397 gau7

25 1388 202 1464 lenteaDeo
228 1393 348 1482 gratias
377 1419 564 1491 ageremus,
595 1420 653 1486 qur
676 1389 837 1486 epusmodi
858 1391 1093 1489 promissiones
1123 1427 1126 1438 ¹
1160 1463 1162 1468 ,
1236 1421 1242 1440 ·

25 1473 94 1542 uobis
109 1475 237 1560 tribuit,
262 1503 402 1550 (uarum
423 1475 527 1572 gratia
543 1479 582 1548 ad
599 1495 760 1546 extremos
782 1473 881 1546 Indos
903 1478 1093 1570 rurpigerri-
1194 1501 1199 1510 ’

24 1583 58 1624 ue
69 1561 213 1631 cursitare
230 1505 437 1632 debebamus.
479 1569 565 1632 barn
580 1563 708 1634 muretsi
720 1577 805 1630 totus
823 1561 965 1628 muu'dus
981 1585 1093 1629 omnes

24 1665 77 1708 tuas
92 1644 170 1714 vires
185 1648 366 1731 conferret,
387 1673 428 1718 ue
443 1645 596 1718 horulam
611 1646 747 1740 quidem
757 1645 804 1714 ‘ad
826 1671 986 1714 summam
1006 1645 1094 1714 vitae

24 1745 125 1798 rostrae
138 1749 247 1824 posset
262 1731 424 1824 adjicere,
451 1751 509 1804 aut
528 1732 659 1802 unicum
675 1732 788 1802 saltem
811 1756 950 1821 granum
972 1745 1095 1814 eterra
1134 1753 1139 1764 ·

23 1813 182 1902 prodrreere.
224 1823 325 1896 ‚Deus
350 1817 428 1887 baec
450 1817 562 1886 omniu
578 1835 609 1886 et
633 1816 704 1884 vult
718 1821 749 1886 et
769 1832 878 1910 potest
902 1817 961 1884 tibi
978 1835 1095 1917 super:
1151 1867 1158 1879 .
1223 1867 1225 1874 .

23 1895 194 1970 abundanter
211 1917 244 1970 et
258 1901 358 1996 plena
374 1904 478 1996 (quod
489 1903 598 1993 ajunt)
618 1927 717 1971 manu
730 1913 907 1996 praestare,
937 1928 975 1969 ex
992 1899 1096 1968 auimr

22 1981 55 2046 tui
66 2000 135 2071 rqto
149 2003 244 2079 atque
261 1988 430 2068 sententia.
473 1993 550 2059 Jam
567 2013 600 2080 qr
616 1985 626 2054 ἰ
651 1985 729 2056 talia
745 1985 899 2076 negligit,
920 2001 976 2053 aut
990 1987 1095 2055 ventis

22 2081 138 2136 ctaurae
152 2071 257 2140 diseer
278 2073 366 2142 ,enda
381 2071 559 2167 permittit,
592 2013 649 2140 ille
663 2070 829 2160 indignior
848 2085 915 2154 est,
943 2095 1043 2165 quam
1059 2087 1097 2139 ut

22 2147 105 2223 ellum
118 2155 179 2223 Ilei
194 2097 330 2224 verbum
348 2158 492 2226 audiat..
663 2229 665 2236 ,
1081 2231 1085 2238 ,

85 2241 167 2308 Haec
182 2240 275 2310 velut
289 2241 423 2311 auetau'i
437 2243 509 2315 lo'co
525 2239 587 2330 iiq,
611 2237 669 2333 qui
690 2235 767 2308 buic
792 2255 962 2340 praecepto
985 2239 1097 2334 subje-

21 2321 50 2387 cti
64 2339 147 2407 sunt,
171 2327 324 2394 diximus.
345 2325 397 2398 Ad
412 2325 491 2396 baec
507 2343 657 2420 parentes
674 2351 805 2420 quoque
821 2325 961 2399 docendi
979 2341 1096 2408 essent,

20 2427 155 2558 quaenam
178 2410 317 2493 illorum
331 2409 396 2479 sint
409 2427 520 2506 partes
536 2426 568 2478 et
585 2408 693 2490 officia
704 2431 719 2496 r}
745 2410 909 2502 quomodo
939 2433 975 2490 se,
986 2435 1097 2500 gerere

37 2491 135 2588 ebequt
148 2519 223 2584 erga
238 2520 313 2577 eos,
334 2521 417 2595 quos
431 2496 659 2594 gubernandos
676 2511 707 2562 et
724 2494 858 2565 tuendos
875 2512 1097 2592 susceperunt.
1154 2527 1158 2532 ¹
1256 2571 1259 2578 ,

21 2577 97 2664 (luae
111 2605 160 2647 res
174 2580 234 2649 etsi
248 2579 391 2660 dilucide
408 2578 443 2647 in
457 2579 625 2670 Decalogo
650 2573 686 2654 ei
713 2591 799 2648 ressa
815 2605 879 2646 mm
895 2595 959 2656 estc
985 2580 1112 2649 multia
1189 2663 1193 2674 s

20 2673 112 2738 tamen
122 2663 197 2734 aliis
220 2663 258 2734 iu
278 2657 359 2734 locis
382 2663 572 2760 Scripturae
590 2606 720 2735 abubdb
742 2680 913 2766 praecepta
935 2660 1100 2733 iuvenitur

20 2765 48 2838 ac
62 2749 181 2818 tradita.
223 2755 314 2818 Deus
331 2775 462 2846 quoque
479 2749 540 2819 boc
561 2749 634 2843 ipso
651 2759 823 2844 praetepto
838 2749 918 2817 haee
933 2749 1004 2817 vult
1019 2751 1099 2820 suh-

20 2830 158 2921 tutelligi,
181 2833 240 2903 ubi
255 2828 430 2928 p'arentum
444 2837 643 2905 mentionem
661 2835 749 2904 facit.
792 2839 906 2926 Neque
924 2837 1011 2906 euim
1026 2837 1098 2928 ejus

20 2913 146 2984 voluutas
161 2936 225 3000 est,
249 2934 287 2999 ut
301 2919 493 3011 aut'perditi
517 2919 707 3004 nebulones,
731 2935 787 2988 aut
807 2943 954 3004 enormes
971 2920 1100 3010 tyranni

21 2991 100 3090 bujus
115 3001 211 3072 oflicii
228 3007 493 3098 procurationem
505 3005 627 3074 obeant
634 3052 642 3084 ‚
665 3009 771 3098 neque
794 2998 832 3070 in'
848 3003 909 3070 boc
932 3001 1000 3098 illis
1019 3003 1099 3096 ipsis

20 3075 158 3154 bonorem
173 3086 306 3170 tribuit,
330 3087 392 3158 boc
407 3106 475 3169 est,
497 3089 678 3192 potentiam
695 3104 726 3156 et
746 3090 800 3178 jus
826 3087 979 3178 regendi,
1006 3105 1100 3158 ut's'e

20 3168 147 3256 precibus
163 3189 318 3268 tanquam
333 3193 458 3242 numen¹
468 3175 601 3264 aliquod
616 3172 747 3240 adorari
766 3174 946 3266 patiantur,
969 3174 1026 3240 sed
1041 3200 1099 3242 eo-

21 3251 106 3398 gitent
118 3257 238 3348 potius,
255 3261 351 3358 quod
367 3275 398 3330 et
408 3260 473 3354 ,ipsi
489 3263 561 3326 Deo
576 3255 794 3332 obedientiam
810 3257 966 3338 debeant,
996 3273 1032 3326 ut
1046 3253 1100 3326 df-

39 3337 114 3405 cium
125 3366 200 3428 suae
216 3343 290 3412 fider
306 3343 489 3433 delegatum
501 3344 581 3437 ipsis
597 3367 691 3412 curae
702 3342 743 3409 sit
754 3364 791 3410 ac
802 3340 1022 3423 sollicitudini,
1045 3359 1100 3413 ut-

22 3441 72 3508 que
86 3422 224 3508 liber0S,
245 3425 412 3496 familiam
423 3445 455 3498 et
467 3429 613 3499 subditos
626 3429 700 3495 'suos
719 3450 786 3494 uon
803 3443 927 3494 tautum
941 3427 1099 3512 nutriant,
1175 3493 1178 3500 ,

22 3517 45 3570 et
58 3509 273 3602 corporalibus
295 3511 456 3582 alimentis
476 3511 686 3608 provideant,
715 3511 772 3580 sed
791 3509 939 3598 omnium
958 3513 1100 3605 maxime

22 3589 55 3654 ad
69 3587 191 3662 laudem
209 3611 240 3664 et
253 3589 394 3690 gloriam
415 3598 479 3668 Dei
501 3599 747 3700 propagandam
769 3595 915 3664 educent.
969 3601 1100 3682 Quam·-

24 3671 120 3745 0brem
140 3705 348 3776 nequaquam
371 3681 425 3751 fac
445 3697 587 3775 cogrtes,
623 3681 704 3750 haec
726 3679 760 3748 iu
785 3697 843 3748 tuo
861 3678 1019 3749 arbitratu
1040 3699 1101 3751 aut

23 3757 168 3850 voluntate
190 3765 252 3836 sita
273 3787 365 3849 esse,
389 3782 427 3843 ut
444 3781 566 3836 statuas
586 3782 646 3834 aut
662 3765 762 3834 facias
786 3765 820 3832 in
833 3763 903 3846 his,
933 3790 1017 3858 quae
1039 3767 1102 3836 tibi

24 3861 82 3908 usa
94 3844 229 3931 luerint,
269 3852 327 3918 sed
342 3852 432 3945 quod
451 3857 542 3921 Deus
565 3849 643 3920 baec
664 3849 724 3921 tibi
738 3850 879 3939 graviter
901 3866 998 3944 atque
1020 3853 1102 3920 adeo
1184 3873 1185 3878 ’
1210 3863 1213 3870 ’

25 3923 95 3996 serio
107 3929 485 4035 facienda‘praeeeperit,
504 3933 559 4004 'eui
575 3935 672 4004 etiam
687 3931 865 4028 aliquando
882 3933 1022 4024 exigenti
1039 3935 1103 4005 lra-

26 4031 88 4078 rum
102 4041 209 4090 rerum
225 4037 384 4093 ratrouem
396 4021 582 4089 redditurus
598 4043 641 4089 es.
931 4047 941 4066 ·

65 4179 72 4194 ο
97 4101 158 4168 Sed
172 4127 271 4194 quam
282 4105 335 4173 hic
346 4130 457 4173 rursus
466 4102 685 4176 miserandam
697 4102 827 4200 plagam
837 4101 994 4187 videmus,
1013 4106 1102 4199 quod

26 4169 109 4268 butus
128 4185 224 4258 officii
245 4213 342 4262 nemo
363 4206 544 4288 respectum
568 4205 626 4260 aut
658 4213 767 4272 curam
791 4185 908 4258 babere
931 4188 1101 4282 dignatur,
1137 4197 1142 4203 '

218 4456 222 4466 Ι
245 4489 248 4496 r
298 4475 324 4494 ”ν““ι
342 4457 386 4507 1·ξὶ-
397 4463 569 4492 ι.κἸ.’”·“-“Ιι’.ἰκ“ν

422 4501 430 4512 ν
455 4500 462 4514 1
