2602 4888
108 319 110 324 '
215 303 291 427 Mo
462 308 470 327 ‘
551 301 724 378 Formuln
746 303 988 382 Concordiae.

186 559 194 572 ,
213 493 301 576 Haec
320 483 405 561 falsa
424 500 457 556 et
472 485 578 584 impia
593 501 680 560 tunt.
718 486 854 558 Interim
871 500 980 560 umen
1002 489 1043 558 de
1059 486 1217 558 bucellam
1229 487 1276 558 lis

212 573 352 646 crimino
369 571 641 644 commonefactio
663 571 865 641 observanda
889 589 956 655 est,
986 573 1075 669 quod
1092 599 1150 676 per
1168 574 1275 644 rocabo-

214 655 287 728 lum
302 657 503 758 necessitatis
524 653 798 758 intelligendasit
812 657 984 728 necessitas
1002 658 1144 743 ordinis,
1170 657 1275 726 mandati

212 757 247 817 et
261 743 440 814 voluntatis
457 741 602 826 Christi,
624 766 662 812 ac
676 742 777 814 debiti
794 743 915 825 nostri,
938 767 1005 814 non
1022 759 1130 816 autem
1145 743 1278 816 necessitas

214 827 402 900 coactionis.
444 826 527 898 vult
538 823 626 896 enim
641 827 828 899 mandatum
838 825 922 912 Dei,
944 843 981 898 ut
992 847 1139 900 creatura
1151 853 1204 898 suo
1218 853 1278 896 crea·

214 913 437 985 taricheatas.
481 917 518 982 ln
533 909 608 984 aliis
630 911 717 982 enim
741 912 939 1008 quibusdam
966 914 1146 1006 scripturae
1163 913 1277 982 lueisro-

127 1039 130 1046 ,
213 998 334 1071 cabula
347 996 620 1090 (ex‘necessitate)
633 998 672 1068 de
688 993 1072 1093 iis'rebu'saccipluntur,
1090 1023 1174 1096 quae
1188 995 1278 1070 homini

212 1099 343 1182 praeter
357 1081 566 1152 voluntatem*
576 1083 665 1174 ejus,
690 1085 859 1151 coactione
875 1084 1018 1178 quadarn
1036 1100 1094 1154 aut
1111 1082 1192 1158 alias
1207 1098 1278 1152 extor-

213 1183 375 1262 quentur,
396 1184 433 1238 ut
445 1183 593 1250 externe,
616 1183 647 1238 et
662 1166 795 1260 quidem
808 1166 843 1234 iu
858 1167 1018 1263 speciem,
1041 1169 1100 1238 sed
1121 1185 1221 1236 tamen
1230 1191 1278 1235 cu-

213 1269 262 1322 tra
281 1277 372 1322 suam
390 1251 595 1322 voluntatem
610 1251 735 1346 aliquid
750 1252 857 1322 iaciat.
904 1252 1000 1321 Talia
1017 1253 1105 1322 enim
1122 1251 1279 1346 hypocritiu

213 1363 311 1434 opera
328 1343 418 1408 lleus
437 1361 503 1406 non
518 1338 654 1433 probat,
685 1338 741 1406 sed
762 1337 849 1420 vult,
880 1353 916 1406 ut
936 1338 1079 1434 popualus
1098 1341 1186 1410 Nori
1200 1343 1278 1406 'l'csta-

210 1419 316 1491 incuti
331 1423 373 1492 sit
414 1421 533 1517 opulus
552 1425 769 1517 spontaneus,
798 1437 829 1490 et
845 1437 880 1490 ut
895 1441 1071 1516 spontanea
1091 1422 1238 1495 sacrificia
1249 1419 1278 1488 ul-

212 1508 315 1590 ierat,
344 1449 443 1602 atrine
468 1505 689 1576 obedientiam
711 1531 777 1580 uon
801 1504 1176 1594 invitusaut'coactus,
1202 1507 1278 1574 selu

212 1596 323 1664 animo
347 1608 495 1688 praestet.
550 1591 698 1662 Hilarem
721 1589 809 1660 cnim
836 1593 982 1684 datprem
1006 1593 1121 1684 diligit
1142 1593 1277 1662 Domino.

212 1681 251 1750 in
270 1677 356 1748 bane
376 1675 569 1746 sententiam
592 1694 674 1746 recte
698 1677 816 1747 dicitur
835 1693 867 1744 at
894 1704 933 1746 ue
952 1678 1104 1757 docetur,
1137 1679 1220 1774 qnod
1236 1701 1277 1740 rut

211 1763 297 1834 bona
315 1785 413 1858 opera
431 1777 567 1863 sponte,
593 1761 698 1831 libero
716 1761 834 1855 spiritu
851 1703 893 1832 ab
910 1761 969 1842 iis,
993 1789 1076 1858 quos
1095 1763 1184 1831 lilius
1199 1759 1276 1830 Delli·

210 1847 354 1927 bcravit,
380 1848 449 1916 liert
466 1848 629 1918 debeants
647 1839 922 1942 quemadmodum
942 1847 1038 1918 etiam
1058 1849 1233 1943 disputatio
1245 1844 1278 1910 lt

210 1935 250 2004 tle
270 1933 415 2002 libertate
436 1933 598 2002 bonorum
621 1957 640 2002 o
666 1959 757 2002 erum
771 1933 946 2035 praecipue
965 1935 1007 2002 ad
1026 1932 1112 2004 banc
1127 1929 1277 2006 senonia

210 2017 466 2092 confirmandam
479 2041 498 2086 a
514 1957 709 2116 quibus-iam
725 2034 848 2117 agitata
863 2033 921 2087 cst.

108 2135 112 2153 ‹
195 2145 198 2150 -
299 2104 361 2174 llic
386 2119 492 2170 autem
517 2117 616 2173 ettam
635 2102 809 2172 discrimen
834 2101 1162 2174 bocobscrrandum
1186 2117 1241 2182 est,
1256 2097 1276 2163 lt

98 3994 105 4009 ¹
207 3991 277 4043 tur:
306 3974 394 4044 bona
410 3994 509 4066 opera

180 2246 183 2254 ,
210 2215 277 2284 quo
295 2183 414 2256 Paulus
436 2186 597 2282 loquitu··:
636 2187 791 2259 Delector
817 2188 886 2276 lege
904 2187 965 2270 Dei
992 2195 1162 2280 (promtus
1181 2183 1276 2255 sumai

207 2275 290 2346 bene
304 2271 483 2365 agendum)
500 2269 677 2342 secundum
692 2271 879 2342 interiorem
891 2271 1075 2363 bominem,
1100 2275 1159 2342 sed
1176 2273 1206 2340 in
1220 2287 1277 2338 cant

209 2384 283 2430 mea
299 2357 330 2427 le
354 2385 405 2428 em
420 2357 517 2426 aliam
532 2356 679 2454 reperio,
708 2383 791 2452 quae
804 2383 870 2427 non
886 2357 985 2426 modu
1004 2355 1107 2425 in‘vita
1127 2373 1160 2426 et
1179 2359 1215 2425 ad
1229 2355 1277 2420 beot

209 2385 412 2539 operanbum
432 2439 576 2512 difficilis
594 2459 660 2521 est,
690 2443 912 2518 verumetiam
933 2441 996 2536 legi
1016 2441 1139 2510 mentis
1155 2466 1235 2510 meae
1247 2461 1276 2504 u·

123 2552 126 2567 ¹
206 2545 345 2630 pergerat.
392 2533 439 2597 Et
460 2527 549 2622 quod
573 2528 613 2609 ad
638 2527 730 2596 illam
751 2525 909 2606 rebellem
935 2543 967 2596 et
990 2527 1164 2610 difficilem
1186 2545 1275 2598 carnen

208 2630 356 2684 nostram
379 2613 510 2694 attinet,
537 2637 574 2680 ea
598 2613 637 2684 de.
661 2639 695 2680 re
721 2613 841 2696 l'aulus
862 2611 908 2682 sic
929 2611 992 2686 ait:
1033 2612 1176 2703 Castigo
1196 2627 1276 2708 corpu}

206 2723 337 2783 meum,
359 2713 390 2766 et
407 2697 441 2765 in
456 2696 643 2768 servitutem
666 2697 797 2790 redigo,
819 2713 895 2770 etc..
916 2701 978 2766 Et:
1008 2695 1066 2790 qui
1083 2715 1165 2780 sunt
1178 2695 1276 2792 cliii*

207 2807 338 2854 carnem
360 2806 453 2854 suam
478 2783 726 2866 crucifixerunt,
758 2783 825 2850 imo
846 2781 1102 2934 morplficarunt,
1126 2792 1205 2856 lcum
1220 2793 1276 2845 uua

205 2886 240 2940 et
255 2865 531 2964 concupiscentiis.
576 2869 701 2938 Contra
723 2884 830 2937 autem
852 2867 907 2960 opi
933 2867 963 2935 io
983 2863 1069 2936 salsa
1087 2858 1276 2959 redarguerit

204 2967 241 3024 'et
253 2954 428 3057 rejicienda
451 2967 518 3034 est,
541 2977 614 3022 cum
634 2955 785 3022 docetur:
817 2953 901 3020 born
923 2975 1022 3046 opera
1044 2951 1090 3020 ita
1114 2975 1186 3020 esse
1209 2951 1274 3042 libra

207 3036 333 3110 bomini
352 3036 561 3120 Christiano,
591 3055 628 3107 ut
646 3038 679 3110 in
705 3038 775 3129 ejus
801 3036 908 3107 libero
928 3035 1064 3106 arbitrio
1087 3037 1290 3130 positurum

203 3123 313 3198 carrel
326 3122 449 3204 faeere,
472 3119 521 3192 rel
533 3123 701 3207 omittere,
723 3121 895 3205 aut,'lieet
910 3137 1021 3192 contra
1039 3120 1149 3210 legem
1167 3121 1220 3190 [lei
1245 3127 1290 3183 cul

205 3225 315 3295 cetur,
346 3205 560 3278 nibilominus
579 3225 687 3278 tamen
710 3207 824 3290 fidem,
838 3251 841 3258 ·
855 3206 919 3276 Ilei
941 3207 1079 3300 gratiam
1102 3223 1201 3310 atque
1216 3147 1274 3272 in

137 3337 138 3342 1
207 3321 278 3366 rem
291 3291 424 3364 retineri
440 3315 546 3388 posse.
1077 3327 1082 3338 ·

204 3397 208 3404 ·
293 3379 421 3448 Deinde
464 3401 537 3445 cum
567 3375 718 3448 ‹locetiarz
763 3375 852 3448 b'una
884 3399 984 3471 opera
1012 3377 1195 3446 necessaria
1219 3393 1273 3440 esse.

142 3535 150 3552 ,
206 3462 306 3536 etiam
321 3463 383 3534 hoe
397 3460 625 3564 explicandum
641 3477 710 3545 est,
741 3487 861 3556 quare,
889 3461 1073 3556 quibusque
1091 3461 1134 3530 tle
1154 3457 1244 3530 causis
1254 3475 1271 3520 tt

151 3573 153 3580 ·
207 3549 488 3626 sintnecessar1a‚
508 3572 592 3649 quae
608 3570 723 3616 causae
739 3545 774 3616 in
787 3546 1204 3638 AugustanaConlessiune
1214 3546 1272 3634 ejus

208 3661 272 3736 que
289 3633 453 3728 Apologia
462 3649 654 3722 ‚recrtantun

244 3793 247 3800 ,
290 3717 423 3788 Interim
441 3734 550 3788 tamen
571 3717 744 3808 diligenter
765 3713 799 3784 in
824 3714 886 3786 hnc
907 3713 1041 3807 negotio
1057 3715 1272 3786 caren'dumest

189 3828 249 3872 =ne
264 3801 351 3890 bona
368 3827 472 3896 opera
494 3801 633 3873 articulo
650 3799 890 3895 justificationis
911 3817 945 3870 ct
960 3799 1075 3870 salutis
1098 3817 1221 3872 nostrae
1233 3796 1271 3862 iu·

183 3907 189 3921 '
207 3888 415 3960 misceantur.
459 3891 525 3956 Pro
553 3904 638 3957 terea
660 3886 776 3955 merito
797 3885 860 3954 bae
874 3883 1124 3982 ‘propositiones
1149 3883 1271 3974 rejiciun-

526 3913 674 4042 iactibus
691 3975 871 4041 necessaria
886 3995 955 4038 esse
969 3969 1013 4038 ad
1029 3970 1183 4070 salmam,
1206 3967 1239 4033 ita
1253 3973 1272 4058 ‚³¹
1286 3994 1288 4030 l

200 4057 412 4156 'impossibile
429 4059 488 4142 sit,
509 4057 578 4128 sine
595 4058 691 4126 bonis
707 4055 862 4152 operibus
878 4053 1015 4137 salvari,
1041 4079 1120 4148 quta
1144 4048 1269 4148 simpliu-
1287 4031 1288 4108 l

206 4161 255 4216 ter
270 4159 418 4247 pugnant
433 4169 507 4231 cum
523 4141 669 4212 doctrina
683 4139 724 4209 de
740 4139 912 4238 particulis
928 4137 1102 4210 exclusiris
1116 4140 1151 4207 in
1166 4127 1270 4206 articulo
1287 4157 1288 4174 2

180 4225 449 4324 “justificationis
472 4243 505 4300 et
532 4226 746 4343 salvationiap
776 4225 908 4326 quibus.
923 4223 1091 4320 particulis
1112 4231 1154 4296 D.
1178 4215 1270 4292 Paulo
