2618 4902
130 315 133 324 ’
204 320 253 395 80
656 311 838 418 Apologia
978 303 990 324 ⁸

202 498 312 573 vident
334 518 433 602 opera
458 503 665 577 sanctornm,
694 493 840 568 humano
857 521 951 584 more
970 497 1135 594 judicant,
1173 519 1285 576 sanun

200 608 421 686 promerursse
442 582 667 652 remissionem
689 598 893 676 peccatorum
917 601 949 656 et
976 586 1116 676 gratiam
1130 613 1196 683 per
1225 589 1285 660 hau

202 695 312 769 opera.
358 668 693 750 ldeoimitanturea,
721 679 754 737 et
769 666 911 748 sentiunt
932 693 1042 765 seper
1062 697 1159 768 opera
1180 674 1286 743 similia

200 757 317 830 mereri
327 753 554 825 remissionem
570 768 778 844 peccatorum
797 768 829 822 et
848 752 1006 842 graham,
1035 757 1178 826 sentiunt
1193 785 1232 828 se
1247 787 1286 863 pet

199 843 382 938 illa'opora
401 839 529 934 placare
551 834 644 928 iram!
657 836 739 919 Dei,
768 853 799 906 et
820 838 994 931 consequit
1023 858 1067 909 ut
1088 859 1230 937 propter
1247 843 1291 914 rh

199 951 303 1025 ‚opera
321 923 400 1020 justi
422 937 634 1019 reputentur..
663 924 756 1014 Hanc
778 920 913 1014 impiam
930 951 949 993 o
975 922 1117 1002 inionem
1135 927 1171 998 iu
1186 932 1285 1022 operi·

163 1009 169 1022 ’
200 1014 262 1085 hus
278 1013 482 1094 damnamus,
496 1006 639 1102 primum
669 1002 747 1102 quia
766 1007 918 1079 obscurat
929 949 1070 1104 gibriani
1081 1009 1220 1095 Christi,
1230 1041 1286 1083 cun

109 1179 112 1186 ¹
161 1107 165 1118 '
200 1096 348 1168 homines
365 1055 725 1190 proponuutDeohaec
739 1107 1007 1192 operattanquam
1022 1094 1292 1193 pretiumet'prm

198 1181 412 1280 pitiationem.
456 1178 517 1248 Hic
532 1175 637 1249 honos
652 1173 778 1246 debitus
794 1202 850 1244 um
861 1175 995 1251 Christo
1011 1177 1167 1250 tribuitur
1181 1184 1287 1252 nostri

201 1266 366 1362 operibus.
397 1262 559 1348 Secundo,
581 1286 690 1358 neque
706 1261 1227 1336 tameninveniuntconscieutiae
1241 1293 1287 1360 pa·

168 1357 177 1367 ”
199 1379 269 1424 cem
284 1351 318 1420 in
328 1347 378 1418 his
389 1348 552 1441 operibus,
562 1348 621 1416 sed
634 1344 702 1416 alia
716 1369 815 1448 super
830 1346 896 1416 alia
905 1346 1032 1418 iuveris
1045 1349 1229 1421 terroribus
1246 1381 1287 1421 cu·

200 1436 360 1506 molentes
375 1433 693 1528 tandemdesperant,
712 1453 791 1584 pura
804 1429 934 1501 nullum
947 1456 1032 1528 opus
1045 1431 1123 1503 satis
1137 1437 1287 1506 mundun

198 1522 377 1594 inveniunt.
420 1524 557 1612 Semper
570 1525 698 1586 accusat
726 1541 775 1600 ex,
796 1532 830 1585 et
842 1517 926 1610 parit
939 1516 1034 1588 iram.
1075 1517 1202 1604 Tertio,
1220 1521 1294 1591 tales

198 1605 368 1704 nunquam
382 1618 598 1698 assequuntur
612 1599 764 1670 notitiam
771 1603 852 1672 Dei:
877 1602 954 1696 quia
968 1601 1058 1673 enim
1071 1599 1146 1673 irati
1160 1605 1288 1698 fugiunt

10 1727 12 1734 ’
70 1661 83 1759 i
198 1697 307 1764 Deum
320 1691 517 1782 judicantem
531 1683 786 1775 etaffligentem,
803 1711 871 1756 nun
917 1712 970 1756 am
984 1686 1129 1756 sentiunt
1144 1713 1181 1759 se
1197 1716 1295 1760 exau-¹

128 1849 132 1856 ,
200 1777 275 1848 diri.
317 1782 361 1846 At
378 1775 457 1844 fides
478 1771 617 1842 ostendit
635 1769 851 1864 praesentiam
899 1772 949 1853 ei,
976 1790 1151 1867 postquam
1173 1777 1289 1845 cousti-

198 1861 280 1945 tuit,
303 1860 392 1956 qnod
404 1865 494 1927 Deus
507 1855 606 1956 gratis
623 1855 770 1948 ignoscat
788 1873 821 1925 et
834 1857 993 1926 exaudiat.
1023 1863 1175 1954 ·Semper
1190 1877 1296 1932 auten

197 1947 233 2015 in
248 1945 371 2015 mundo
387 1942 491 2012 haesit
506 1941 608 2038 impia
623 1939 734 2035 opinio
750 1939 789 2012 de
803 1939 965 2028 operibus.
994 1943 1114 2012 Gentes
1132 1942 1290 2016 habebam

198 2028 374 2112 sacrificia,
405 2043 511 2096 sumta
527 2051 553 2110 ¹a
580 2026 737 2121 patribus.
802 2029 927 2095 Horum
946 2047 972 2095 'n
996 2051 1050 2098 era
1070 2018 1297 2108 imitabantur!

151 2181 157 2197 ,
197 2116 296 2185 fidem
311 2139 378 2184 non
393 2113 553 2195 tenebant,
571 2113 628 2181 sed
643 2110 823 2182 sentiebant
837 2135 935 2203 opera
953 2052 1013 2182 itia
1026 2111 1289 2217 propitiationem

199 2218 232 2271 et
250 2199 392 2293 pretinm
414 2223 501 2280 esse,
539 2214 673 2291 propter
698 2194 788 2292 quod
811 2200 898 2264 Deus
920 2197 1185 2270 reconciliaretur
1206 2200 1290 2294 ipsis.

196 2283 347 2380 Populus
369 2284 403 2353 iu
426 2282 495 2374 lege
520 2281 711 2362 imitabatur
733 2279 888 2352 sacrificia
909 2279 970 2352 hac
990 2282 1165 2379 opinione,
1208 2283 1290 2380 quoi

196 2384 333 2466 propter
352 2368 410 2437 illa
433 2393 532 2462 opera
554 2364 710 2436 haberent
729 2365 890 2458 placatum
905 2367 1033 2452 Deum,
1055 2383 1093 2437 ut
1107 2367 1156 2437 ita
1175 2364 1290 2464 loqua-

114 2529 121 2546 .
197 2481 293 2539 mur,
323 2478 477 2546 exopere
495 2469 639 2546 operato.
689 2451 751 2520 Hic
766 2449 934 2532 videmus,
966 2478 1065 2548 quam
1086 2439 1290 2522 vehementer

197 2541 370 2633 objurgent
381 2538 546 2632 'populum
560 2534 751 2630 Prophetae.
781 2539 837 2604 Ps.
852 2539 968 2606 XLIX.
1011 2545 1088 2610 Non
1109 2536 1143 2606 in
1167 2539 1288 2608 sacrifi-

197 2625 256 2702 ciis
280 2648 317 2693 ar
381 2650 414 2692 m
434 2639 476 2692 te.
518 2625 563 2690 Et
583 2625 706 2692 Jerem.
748 2625 826 2690 Non
847 2618 997 2716 praecepi
1017 2623 1057 2694 de
1077 2618 1288 2694 holocausto

183 2708 303 2780 matis.
345 2708 425 2777 'ales
439 2703 503 2776 loci
517 2706 671 2775 damnant
684 2729 751 2776 non
768 2727 878 2799 opera,
897 2729 980 2798 quae
994 2723 1079 2778 certe
1086 2711 1179 2777 Deus
1195 2735 1288 2802 prae·

147 2797 150 2802 ’
196 2809 335 2888 ceperat,
358 2808 395 2862 ut
408 2807 536 2860 externa
551 2789 699 2862 exercitia
713 2789 749 2885 in
763 2787 825 2871 hac
839 2788 969 2884 politia‚
987 2792 1047 2861 scd
1058 2793 1220 2863 damnant
1234 2791 1288 2862 im—

160 2951 163 2959 !
195 2879 285 2975 piam
302 2876 561 2971 persuasionem,
592 2876 681 2968 quod
697 2873 876 2952 sentiebant
896 2899 930 2944 se
971 2902 1005 2946 er
1021 2873 1114 2947 illao
1139 2902 1197 2946 era
1219 2880 1289 2973 pla·

196 2987 270 3036 care
290 2961 374 3032 iram
388 2961 471 3043 Dei,
500 2975 532 3030 et
551 2959 646 3028 helem
671 2959 879 3052 abjiciebant.
954 2958 1062 3056 tquia
1077 2900 1170 3032 uuila
1192 2987 1290 3058 opere

88 3109 92 3122 .
194 3047 335 3120 reddunt
362 3063 509 3141 pacatam
532 3045 778 3128 conscientiam,
818 3043 892 3114 ideo
920 3045 1058 3120 subinde
1081 3071 1170 3118 nova
1191 3071 1215 3117 o
1243 3073 1290 3120 era

172 3163 177 3173 s
195 3159 272 3205 exeo
296 3134 415 3203 'tantur
428 3147 558 3224 praeter
576 3131 730 3200 maurlata'
744 3128 819 3198 Dei.
869 3127 1017 3227 Populus
1028 3129 1136 3220 lsrael
1160 3075 1291 3205 vieiierat

111 3254 118 3274 ι
194 3223 283 3314 i’rop
309 3233 376 3288 etas
399 3215 434 3284 in
456 3215 587 3296 excelsis
607 3217 810 3286 sacrificasse.
851 3215 958 3285 Porro
973 3232 1157 3286 sanctorum
1177 3242 1291 3290 exem-

193 3300 251 3400 pla
264 3302 404 3384 maxime
419 3316 550 3370 movent
562 3301 707 3383 animos,
728 3314 892 3395 sperantes
908 3324 942 3370 se
955 3299 1119 3372 similibus
1134 3305 1293 3394 operibus

218 3389 329 3462 erinde
350 3385 491 3477 gratiam
516 3401 741 3454 consecuturos
763 3393 850 3468 esse‚'
891 3395 928 3454 u't
949 3383 997 3454 illi
1016 3389 1183 3458 consecuti
1206 3407 1293 3460 sunt.

185 3415 311 3561 {Quare
328 3471 489 3564 hocopus
510 3467 654 3539 mirabili
673 3469 782 3544 studit
799 3467 1049 3563 coepitimitari
1066 3472 1240 3568 populus,
1264 3489 1294 3544 ut

218 3583 255 3629 er
269 3559 304 3627 id
317 3575 399 3653 opus
418 3569 597 3624 mereretur
610 3553 832 3626 remissionem
845 3570 1067 3648 peccatorum,
1099 3559 1254 3650 gratiam
1269 3575 1297 3629 et

164 3699 168 3706 .
192 3643 364 3742 justitiam.
393 3645 454 3709 ·At
468 3636 650 3731 Prophetae
665 3640 921 3710 sacrificaverant
931 3637 966 3708 iu
983 3641 1135 3726 excelsis,
1165 3667 1247 3714 non
1265 3661 1298 3712 ut

191 3755 253 3828 per
271 3728 332 3810 illa
351 3749 449 3820 opera
468 3739 672 3794 mererentur
685 3719 909 3794 remissionem
953 3743 1138 3798 erratorum
1156 3741 1194 3798 et
1215 3755 1299 3832 gra-

191 3821 290 3898 tiam,
313 3813 369 3884 sed
383 3809 460 3904 quia
475 3808 510 3876 iu
530 3805 599 3877 illis
614 3806 695 3880 locis
710 3809 886 3889 docebam
912 3807 920 3824 '
945 3836 984 3881 eo
1000 3809 1048 3880 ihi
1063 3811 1299 3884 testimonium

68 3915 74 3923 '
125 3941 127 3948 ,
167 3956 171 3961 .
192 3899 269 3972 fidei
285 3919 361 3968 suae
379 3891 613 3988 proponebant.
636 3893 783 3994 Populus
797 3889 961 3979 audierat,
978 3893 1148 3966 Abraham
1163 3896 1299 3971 immo·

191 3984 278 4058 lasse
295 3981 401 4051 filium
416 4003 523 4053 suum.
574 3982 685 4066 Quare
701 3996 733 4050 et
746 3980 828 4076 ipsi,
854 3995 891 4049 ut
909 3979 1087 4072 asperrimo
1101 4005 1140 4054 ac
1153 3983 1299 4056 difficil-

91 4121 100 4150 ,ι
149 4101 158 4110 ‘
191 4069 273 4152 limo
288 4092 385 4163 opere
398 4062 565 4162 placarent
576 4062 658 4134 iram
666 4064 742 4148 Dei,
765 4080 985 4161 mactaserunt
998 4065 1096 4136 filios.
1124 4069 1299 4142 AtAbra-

189 4155 268 4226 ham
290 4178 358 4224 non
375 4147 436 4219 hac
458 4147 611 4248 opinione
632 4148 827 4223 immolabat
836 4148 964 4236 filium,
986 4167 1023 4221 ut
1044 4151 1079 4220 id
1100 4177 1191 4248 opus
1211 4173 1299 4226 esset

170 4238 331 4336 ‚pretium
355 4253 388 4312 et
409 4232 618 4336 propitiatio,
640 4252 796 4334 ,propter
817 4256 917 4336 quam
943 4237 1047 4330 justris
1067 4253 1299 4334 reputaretur.
