2610 4892
962 119 966 130 ι
1021 105 1035 140 χ’

207 319 284 424 'dab
385 307 389 318 ¹
551 325 803 413 Cate'olrieinus
822 337 974 437 major.'=
998 307 1025 370 .'

154 581 156 588 ,
208 511 261 586 bis
275 513 515 610 prorsusnobis
530 508 757 614 proponatur:
770 541 838 588 non
852 518 968 602 aliter,
996 540 1099 615 qnam
1120 521 1203 590 corde
1219 541 1264 612 ap·

207 599 368 696 prehendi
387 616 507 704 pptest.
555 604 708 672 Manibus
728 602 997 701 eni'rnejusmodi
1023 605 1159 686 donum,
1186 603 1264 672 adeo-

19 723 22 784 ι,
62 681 65 692 ’
166 751 174 772 ,
208 709 273 781 que
289 683 711 788 pepennrstbesaurus‘non
729 705 779 757 est
797 687 1081 783 apprehensibilis.
1129 688 1265 780 Jejuniun

207 785 240 841 et
262 787 386 853 oratio,
422 786 481 839 etc.
503 787 654 843 externae
676 775 807 864 quidem
831 775 1090 868 praeparationis
1112 774 1205 844 locum
1221 774 1263 840 ha·

206 855 304 938 bere,
336 872 370 926 et
385 854 511 949 puerile
525 857 709 926 exercitium
725 881 794 926 csse
817 874 941 950 potest,
961 875 998 928 ut
1020 881 1136 952 corpus
1154 857 1266 926 modeste

170 963 173 972 ·
205 955 240 1010 et
261 956 446 1010 reverenter
470 965 548 1030 erga
573 966 690 1038 eorpus
714 959 746 1012 et
767 946 823 1011 sa'n
850 943 961 1019 uinem
983 944 1108 1014 Christi
1137 957 1265 1034 segent:

205 1043 324 1098 return
337 1024 427 1117 quod
442 1029 476 1092 in
490 1023 552 1096 hoc
567 1041 601 1096 et
624 1053 683 1120 per
705 1027 767 1096 hoc
782 967 879 1097 nobis
895 1027 1056 1108 donatur,
1079 1053 1188 1122 corpus
1201 1025 1266 1094 nullo

205 1111 307 1180 modo
319 1125 424 1204 potest
438 1109 569 1206 assequi
587 1124 642 1182 aut
657 1111 915 1207 apprehendere,
944 1115 1000 1182 sed
1023 1115 1102 1183 fides
1118 1111 1215 1182 cordis
1226 1109 1267 1178 boc

204 1194 300 1278 facit,
330 1196 494 1283 ejusmodi
521 1193 710 1266 thesaurum
732 1196 954 1290 cognoscentis
975 1213 1008 1266 et
1031 1195 1193 1294 cupidatis.
1238 1201 1267 1291 Et

138 1293 144 1312 ⁸
206 1281 286 1378 baec
311 1281 469 1374 quideni,¹
504 1299 661 1382 quantum
687 1283 730 1377 ad
748 1307 954 1351 communem
975 1281 1073 1374 hujus
1100 1281 1290 1356 sacrament,

204 1366 442 1434 1nst1tutionom
465 1380 597 1449 attinet,
633 1365 718 1436 dicta
740 1365 914 1436 sufficiant.
971 1371 1065 1526 (quae
1087 1367 1173 1436 enirn
1194 1390 1224 1434 ea
1241 1367 1266 1432 de

79 1513 114 1548 „.
159 1466 162 1472 ’
204 1461 240 1518 r'e
270 1448 368 1518 latius
394 1451 580 1548 disserenda
601 1467 697 1534 suut,
732 1450 823 1535 aliud
844 1469 883 1522 'ac
906 1451 1072 1546 peruiam
1091 1467 1213 1548 tempus
1231 1475 1266 1518 re·

204 1536 351 1628 quirunt.

271 1655 274 1664 ¹
289 1669 436 1753 Ultimo,
458 1651 617 1764 quoniam
635 1651 674 1740 de
688 1669 788 1762 hujus
803 1669 1005 1742 sacramenti
1027 1687 1114 1742 recto
1137 1669 1266 1742 intellectu

204 1770 236 1826 et
252 1782 330 1826 vcra
346 1756 493 1826 doctrina
510 1756 589 1826 certi
604 1781 744 1839 sumus,
764 1755 988 1826 admonitione
1009 1755 1110 1826 etiam
1129 1773 1160 1826 et
1181 1757 1267 1826 cohor-

203 1841 326 1911 tatione
342 1843 490 1934 peropus
518 1857 582 1922 est,
617 1867 657 1910 ne
682 1841 836 1924 talemne
860 1857 988 1911 tantum
1010 1839 1211 1926 thesaurum,
1231 1836 1268 1932 qui

81 1918 84 1928 ’
109 1943 113 1952 ·
204 1924 354 2016 quotidie
368 1924 452 1992 inter
468 1925 672 1999 Christianos
686 1925 935 2000 administratur
946 1941 977 1994 et
993 1927 1209 2008 distribuitur,
1227 1950 1267 1992 ne-

203 2009 386 2100 gligamus,
407 2008 469 2080 huc
486 2025 551 2092 est,
572 2026 608 2079 ut
623 2010 665 2093 ii,
688 2011 745 2106 qui
767 2009 901 2088 Christo
923 2035 1043 2078 nonren
1067 2013 1228 2090 dederunt,
1247 2033 1267 2074 se
1289 2033 1290 2058 ι

198 2110 399 2190 praeparent
420 2095 462 2162 ad
479 2095 580 2185 hujus
596 2095 786 2165 venerabilis
811 2096 1011 2166 Sacramenti
1036 2093 1267 2183 communionem

203 2177 593 2274 saepo'srcquentandam.
636 2180 798 2249 Videmus
820 2181 906 2250 enim
930 2203 996 2272 nup
1021 2179 1174 2268 obscure,
1196 2202 1266 2272 quau

177 2323 180 2330 ,
202 2263 314 2358 pigros
338 2281 368 2338 et
390 2289 503 2354 segnes
531 2263 630 2344 ad'id
645 2271 705 2354 nos
728 2265 952 2357 praebeamus.
995 2269 1056 2333 Est
1074 2292 1158 2360 pene
1179 2284 1266 2351 magna

227 2375 281 2422 ars
301 2353 436 2432 eoruin,
460 2347 528 2444 ‘qui'
546 2350 686 2432 audiunt¹
704 2349 940 2441 Evangelium,
973 2347 1060 2442 qui„
1085 2367 1267 2443 posteaquam

124 2487 126 2494 ι
201 2376 312 2529 dapar
329 2453 511 2504 commenta
533 2451 607 2506 sunt
623 2435 769 2518 sublata,
799 2461 924 2528 nosque
937 2459 966 2504 «a
988 2434 1144 2528 mandato
1167 2451 1196 2502 et
1214 2453 1268 2502 coa-

204 2519 312 2594 ctione
338 2522 408 2612 ejus
430 2517 560 2590 liberati
583 2524 712 2602 sumu's,
742 2521 843 2600 duos,
876 2537 956 2600 tres,
1017 2519 1169 2622 lucesque
1192 2538 1266 2612 annqs

201 2607 273 2676 sinc
296 2604 359 2676 hoc
380 2605 591 2672 Sacramento
612 2609 759 2696 exigupt:
812 2603 881 2674 uasi
901 2621 969 2676 tam
993 2545 1082 2674 brusi
1105 2621 1171 2674 sint
1192 2601 1267 2672 Chn-

183 2686 319 2772 ‘'stiani,
352 2687 408 2788 qui
430 2715 467 2756 eo
492 2688 676 2782 planenon
700 2715 782 2782 opus
820 2690 957 2789 abeant.
1013 2694 1060 2757 Et
1085 2686 1228 2782 impediri
1243 2707 1266 2752 ac

85 2845 89 2860 ,
202 2773 373 2852 absterreri
387 2771 463 2854 ande
483 2772 636 2842 nonnulli
654 2774 717 2850 hoc
739 2799 870 2844 nomine
894 2798 964 2842 sese
986 2773 1175 2868 patiuntur,
1202 2767 1266 2866 qupd

202 2857 390 2940 docuimus.
412 2883 479 2928 nou
492 2860 642 2929 accedere
659 2858 775 2928 debere
792 2861 833 2934 ad
850 2855 911 2928 boc
939 2863 1205 2939 Sacramentum.
1221 2877 1265 2922 n1s¹
1287 2905 1288 2922 ι

136 2991 146 3006 .,
201 2969 286 3040 quos
303 2943 404 3012 fames
428 2967 466 3011 ac
481 2941 553 3012 sitis
570 2935 640 3012 e'us
653 2953 765 3033 urgeat
778 2961 875 3038 atque
890 2941 1074 3038 compellat.
1120 2947 1200 3011 Sunt
1213 2964 1265 3010 rur·
1287 2943 1288 2958 ¹

198 3039 283 3114 sum,
306 3029 363 3124 qui
377 3043 566 3112 causantur,
586 2970 729 3098 iiberum
750 3053 838 3110 csse,
853 3053 973 3122 ‘neque
994 3029 1221 3110 necessarium,
1242 3047 1266 3089 ac

199 3110 285 3184 satis'
304 3139 464 3208 superque
487 3137 575 3195 csse,
597 3115 633 3182 ut
654 3115 802 3196 credant,
833 3138 866 3182 se
884 3113 1116 3189 manducasse:
1153 3133 1265 3208 quemn

198 3200 310 3289 major
325 3220 399 3293 pars
414 3223 452 3266 eo
465 3199 604 3292 denique
623 3196 788 3291 pervenit,
811 3213 848 3266 ut
865 3197 1015 3268 arundus
1040 3197 1217 3266 devotionis
1231 3189 1265 3259 ai-

199 3279 336 3354 sectibus
354 3282 473 3364 excitis,
495 3281 589 3376 plane
603 3281 981 3376 brutescereincipiant,
1010 3307 1047 3350 ac
1070 3283 1264 3372 demutarent

134 3373 137 3382 ’
199 3373 459 3449 Sacramentum,
478 3384 548 3438 turn
561 3369 694 3438 verbum
711 3365 774 3436 Dei
790 3383 930 3436 extreme
945 3382 1163 3450 contemnant.
1184 3369 1265 3456 Equ-

170 3502 172 3508 -
199 3453 276 3522 dem
293 3453 381 3547 quod
395 3451 487 3521 initio
502 3452 690 3534 docuimus,
712 3478 826 3522 verum
851 3477 1006 3520 essenon
1027 3477 1197 3550 negamus,
1224 3471 1263 3512 nt·

97 3606 101 3614 ,
197 3542 321 3608 minem
336 3535 459 3606 scilicet
481 3538 523 3605 ad
548 3537 632 3608 hanc
654 3533 789 3608 coenam
808 3531 877 3604 ullo
901 3537 1001 3606 modo
1024 3535 1213 3628 adigendum
1226 3541 1264 3628 aut

197 3619 437 3716 impellendum
454 3647 543 3705 esse,
566 3649 607 3692 ne
626 3623 665 3691 de
682 3621 807 3712 integro
820 3645 942 3720 povapr
956 3621 1138 3702 animarum
1158 3613 1263 3690 carnfi-

198 3707 304 3780 cinam
319 3705 561 3790 constituamus.
604 3711 674 3776 Hoc
686 3722 805 3776 tamen
817 3721 951 3776 luteram
971 3705 1138 3796 sciendum
1152 3719 1211 3784 est,
1227 3715 1262 3768 u-

197 3791 244 3862 les
260 3817 322 3887 pro
340 3791 533 3863 Christianis
548 3816 615 3862 non
630 3817 697 3861 esse
713 3819 748 3875 re
774 3789 933 3876 utandos,
963 3789 1021 3886 q'ui
1036 3803 1127 3860 tanto
1146 3804 1262 3936 tempore

144 3888 146 3896 '
197 3881 441 3975 aSacramepto
458 3877 569 3946 ¹sereret
588 3877 714 3948 alienos
734 3819 862 3946 sicient
890 3892 921 3946 et
947 3873 1148 3974 subtrahunt
1193 3861 1261 3940 llud

198 3963 288 4032 enim
312 3961 465 4032 Christus
487 3987 555 4034 non
575 3960 610 4039 in
633 3959 694 4030 hoc
716 3961 869 4044 instituit,
899 3969 940 4028 ut'
958 3959 1197 4029 circumferatur
1215 3971 1259 4104 Ψ
1285 4023 1286 4030 ,

186 4046 402 4145 spectaculo,
430 4041 571 4116 sedenis
594 4045 792 4115 Christianis
811 4046 996 4140 praecepit,
1017 4059 1055 4114 ut
1072 4045 1166 4114 edant
1179 4064 1210 4110 ac
1238 4061 1259 4100 ι·
1285 4033 1286 4076 ¹

116 4133 119 4146 ’
141 4207 143 4212 ,
197 4123 295 4218 haut,
317 4155 505 4228 surqucper
521 4129 583 4200 hoc
598 4130 848 4203 siutmemores.

282 4255 328 4326 ut
342 4247 505 4344 mosomo,
529 4243 587 4346 qui
602 4239 671 4320 reri
692 4241 873 4333 Christiani
886 4265 972 4336 sunt,
992 4273 1031 4360 ne
1044 4244 1170 4339 reim
1181 4233 1259 4312 Chri·
