2618 4902
399 335 661 413 confessionis.
982 339 1080 418 arui
1114 397 1121 414 ,

9 519 37 588 d
61 531 98 588 ut
118 514 264 613 populus
286 514 400 611 sciret,
439 543 506 614 quo
528 533 676 614 ternpore
702 519 962 594 convenientum
986 541 1082 609 esset,
1129 563 1131 574 ι

9 604 152 674 nvabant
175 619 209 672 et
231 601 315 674 alios
339 605 502 698 quosdam
523 603 627 686 ritus,
664 603 815 678 ordinem
837 604 1032 694 lectionum,
1054 614 1084 682 si
1129 647 1142 676 2
1179 640 1181 650 ·

9 689 113 760 tando
130 686 372 759 conveniebant.
416 681 590 776 Quaedam
613 688 711 758 etiam
733 715 772 758 ex
786 691 901 788 patriis
922 691 1083 784 moribus,

9 791 17 844 t
36 776 90 856 fit,
112 773 276 844 retinebat
299 772 464 868 populus,
493 799 577 869 quae
601 773 757 866 Apostoli,
773 773 923 847 nonnihil
945 799 1084 868 mutata,

9 861 24 930 l
40 858 213 930 historiam
226 857 402 950 Evangelii
416 858 758 957 accommodaverunt,
780 877 818 930 ut
833 863 969 950 Pascha,
992 872 1083 938 Pen-

9 960 144 1030 costen,
174 959 290 1013 utnon
306 943 590 1028 solumdocendo,
612 944 669 1013 sed
684 960 782 1014 ettam
797 969 854 1038 per
868 947 949 1020 haee
971 977 1084 1024 erem-

9 1029 39 1098 la
54 1026 248 1110 memoriani
264 1026 482 1099 maximarum
495 1038 606 1098 rerum
619 1029 782 1100 traderent
798 1033 948 1124 posteris.
983 1041 1086 1125 Quod

9 1171 12 1181 .
29 1112 108 1182 haec
121 1113 239 1183 tradita
252 1128 344 1196 sunt,
374 1129 533 1210 tanquam
545 1113 726 1200 necessaria
747 1116 790 1184 ad
810 1117 1085 1208 justificationem,
1099 1113 1106 1126 ⁸

9 1224 44 1266 rr
57 1197 91 1268 in
107 1196 147 1266 iis
163 1198 242 1291 ipsis
264 1215 378 1291 postea
401 1197 508 1268 multa
526 1211 696 1268 mutarunt
710 1199 893 1304 Episcopi?
937 1209 1040 1292 Quod
1056 1211 1086 1280 si

9 1299 77 1352 rant
90 1283 172 1374 juris
189 1283 312 1366 divini,
345 1309 413 1352 non
431 1281 523 1353 liceiit
535 1307 573 1352 ea
592 1298 716 1352 mutare
730 1302 918 1370 auctoritate
930 1289 1087 1365 humana.
1129 1361 1130 1366 ,

11 1366 110 1437 ascha
135 1379 212 1438 ante
231 1369 402 1459 synodum
422 1367 603 1451 Numam,
635 1366 692 1436 alii
714 1367 780 1437 alio
806 1384 872 1440 tem
896 1401 953 1445 ore
973 1401 1087 1448 serva-

9 1469 71 1522 ant.
115 1459 231 1548 Neque
246 1452 326 1524 haec
340 1452 583 1524 dissimilitudo
600 1450 696 1523 laesit
712 1454 821 1536 fidem.
863 1399 984 1530 Postea
1001 1467 1093 1534 ratio

9 1537 64 1606 rita
81 1555 149 1626 est,
173 1564 214 1606 ne
230 1538 387 1608 incideret
400 1543 551 1609 nos'trum
567 1537 692 1608 Pascha
714 1538 752 1625 iu
765 1541 897 1613 Judaici
919 1547 1088 1620 Pascbatis
1194 1563 1196 1568 '
1258 1587 1261 1600 ·

9 1649 139 1717 tmpus..
168 1627 213 1695 At
233 1624 387 1718 Apostoli
410 1621 766 1722 jusserantssc‘clesias
795 1639 923 1697 servare
948 1631 1088 1720 Pascha,

9 1735 60 1778 um
73 1707 229 1785 iratribus
242 1708 408 1783 conversis
431 1736 470 1780 ex
490 1708 675 1781 Judarsmo.
713 1715 829 1803 ltaque
851 1711 939 1801 hunc
960 1743 1090 1799 morem

9 1794 151 1863 uaedam
174 1810 283 1883 gentes
304 1794 510 1888 pertinaciter
536 1807 611 1888 post
633 1794 807 1885 Synodum
827 1797 994 1870 Nicanam'
1007 1805 1090 1875 reti-

12 1895 148 1977 uqrunt,
178 1894 216 1948 ut
234 1879 413 1949 Judaicum
432 1897 560 1974 tempus
581 1879 801 1979 observarent.
844 1887 974 1958 Verum
994 1892 1091 1984 Apo'-
1158 1932 1160 1940 ·

9 1962 62 2033 tolr
80 1963 209 2034 decreto
226 1962 284 2034 illo
299 1990 367 2046 non
384 1963 562 2036 voluemnt
578 1962 732 2050 Ecclesus
752 1991 799 2036 ιιιι
823 1989 923 2039 onere
944 1975 1090 2046 necessi-

9 2063 106 2132 ttem,
136 2047 172 2118 id
193 2049 284 2142 quod
306 2051 408 2119 verha
429 2047 561 2120 Decreti
575 2063 743 2123 testantur.
809 2052 910 2124 ubent
926 2057 1026 2143 enim,
1049 2081 1097 2134 ne'
1187 2067 1191 2074 '

9 2133 61 2202 uis
79 2149 188 2217 curet,
211 2133 340 2206 etiamsi
354 2133 473 2206 fratres
488 2151 649 2204 servantes
665 2132 802 2219 Pascha,
824 2163 893 2208 uon
907 2159 994 2212 recte
1008 2169 1091 2241 sup,

9 2235 104 2288 utent
124 2235 263 2316 tempus.
305 2221 419 2290 Verba
441 2218 572 2292 Decreti
602 2235 710 2292 extant
739 2222 828 2318 apud
844 2224 1089 2320 Epiphaniumr

9 2309 104 2396 Ypeic
124 2305 170 2394 μὴ’
191 2306 372 2410 attrepidate,
395 2303 480 2412 giiidf
503 2311 643 2412 ῃοκῇτε,
676 2298 761 2412 drag
779 2313 811 2376 οἱ
826 2305 970 2412 ἀδελφοὶ
989 2311 1109 2404 ipsiu,

9 2396 77 2460 ἱέκ
106 2417 302 2481 περιτομης,
339 2419 399 2479 μετ
435 2416 545 2460 autur
573 2419 644 2479 αμα
671 2417 807 2475 notetus,
842 2420 942 2486 κᾳντε
966 2405 1093 2486 aleon.

9 2482 86 2544 tuine
105 2483 208 2564 μηδὲν
230 2476 308 2566 ὑμῖν
326 2481 460 2576 μελέτω.
503 2479 591 2548 llaec
613 2474 727 2546 scribit
742 2477 963 2575 ‘Epiphanius
993 2487 1093 2558 vcrha
1178 2551 1185 2579 ,

10 2560 312 2655 ssetlpostolorum
324 2585 360 2632 ιιι
374 2563 501 2634 decreto
519 2561 664 2656 quodam
671 2578 787 2714 posita
803 2565 843 2632 dc
859 2566 1028 2654 Paschate,
1056 2571 1093 2644 in

10 2649 111 2718 uihus
131 2649 276 2742 prudens
288 2647 390 2718 lector
405 2631 500 2737 lacile
512 2661 625 2739 potest
640 2647 677 2737 ju
701 2646 803 2745 itare,
825 2652 1005 2746 Apostolos
1029 2682 1104 2742 yo-.
1186 2689 1214 2750 ,g
1289 2663 1292 2676 '

9 2732 227 2834 'rissepopulo
244 2733 377 2806 stultam
394 2733 583 2836 opinionem
600 2732 639 2800 'dc
655 2749 843 2804 necessitate
867 2737 947 2806 certi
961 2745 1093 2837 tempo„
1113 2759 1120 2767 ’
1188 2787 1190 2796 .

10 2847 35 2894 ts
52 2845 212 2902 eximere,
243 2845 317 2889 curn
330 2817 507 2912 prohibent
520 2841 652 2898 curare,
683 2817 809 2886 etiamsi
830 2819 872 2897 in,
884 2828 1093 2922 supputando

10 2903 130 2972 eretur.
172 2907 278 2975 Porro
293 2904 438 2997 ‚quidam
459 2900 494 2972 in
518 2903 662 2982 oriente,
694 2901 756 2996 qui
770 2905 916 2975 Audiam
937 2904 1121 3005 appellati
1172 2918 1181 2934 ”
1219 2942 1222 2954 ’

11 3004 71 3054 unt
84 2989 125 3056 ab
138 3006 272 3057 anctore
286 2988 468 3078 dogmatis,
488 3001 624 3082 propter
645 2985 714 3054 hoc
729 2987 896 3086 decretum
914 2997 1094 3088 Apostolo-

12 3083 74 3138 urn'
93 3074 342 3150 contenderunt,
377 3071 505 3155 Pascha
532 3097 605 3140 cum
627 3072 764 3143 Judaers
792 3077 990 3149 servandum
1014 3108 1093 3152 esse.

11 3161 63 3226 los
78 3155 229 3228 refellens
244 3156 449 3250 Epiphanius
466 3156 578 3226 laudat
591 3161 785 3242 Decretum,
815 3175 846 3228 et
859 3160 980 3262 inquit,
1011 3165 1095 3236 nihil

11 3239 186 3325 ontinerc,
241 3243 308 3310 uod
331 3241 499 3313 dissentiat
518 3267 538 3312 a
559 3242 623 3311 fide
643 3257 701 3310 aut
724 3243 951 3318 Ecclesiastrca
970 3251 1096 3342 regula,
1145 3319 1149 3330 ,

13 3343 25 3396 t
47 3327 209 3419 vituperat
231 3397 232 3404 ,
256 3325 413 3410 udianos,
441 3326 532 3420 quod
545 3351 613 3396 non
625 3343 712 3396 recte
725 3327 911 3421 intelligant
930 3333 969 3404 τὸ
982 3337 1095 3427 ῥητόν,

12 3429 25 3482 t
40 3412 276 3505 interpretatur
291 3411 327 3480 in'
342 3411 428 3482 hanc
441 3411 651 3492 sententiam,
683 3411 718 3479 in
736 3439 836 3506 quam
858 3441 918 3486 nos
932 3419 1096 3516 interpre-

12 3521 119 3581 amur,
150 3498 240 3591 quod
254 3523 323 3568 non
336 3497 498 3567 senserint
514 3495 686 3592 Apostoli,
718 3498 840 3595 referre
866 3526 931 3597 quo
948 3521 1097 3588 temore

12 3581 344 3664 ervaretureascha,
380 3583 438 3652 sed
462 3579 541 3676 quia
564 3580 735 3676 praecipui
754 3583 871 3656 fratres
901 3613 940 3656 ex
959 3597 1005 3658 Ju
1028 3593 1097 3664 aeis
1194 3615 1197 3622 ’

12 3667 142 3736 onversi
157 3684 266 3751 erant,
294 3668 353 3763 qui
368 3693 496 3737 morem
513 3692 612 3736 suum
628 3669 820 3754 servabant,
848 3670 969 3744 horum
984 3703 1097 3747 exem.

12 3751 90 3819 »lum
107 3778 168 3845 pro
193 3769 242 3822 ter
256 3753 465 3824 concordiam
481 3749 646 3822 voluerint
665 3749 812 3845 reliquos
829 3756 934 3850 sequi.
977 3766 1022 3832 Et
1041 3787 1098 3832 sa.

12 3833 123 3902 tientes
138 3777 384 3910 admonuerunt
395 3837 550 3907 lectorem
570 3834 743 3930 Apostoli,
774 3863 807 3907 se
831 3865 936 3936 neque
961 3845 1098 3918 liberta.

12 3943 64 3988 em
80 3910 318 4012 Evangelicam
345 3922 479 4005 tollere,
509 3945 617 4016 neque
648 3922 871 3994 necessitatem
894 3932 1098 4002 conscientiis
1148 3967 1152 3978 f

13 4029 184 4097 mponere,
212 4008 288 4100 quia
304 4009 450 4089 addunt,
479 4031 547 4078 non
569 4030 639 4076 esse
662 4007 864 4094 curandum,
894 4013 1024 4088 etiamsi
1043 4042 1098 4088 er-

13 4105 87 4158 etur
102 4089 374 4186 insupputando.
739 4117 767 4150 m
875 4130 879 4146 ι
1056 4127 1060 4138 ·

81 4173 188 4246 Multa
203 4177 304 4270 hujus
318 4176 449 4270 generis
464 4172 573 4266 colligi
611 4193 728 4247 ossunt
744 4175 947 4267 exhistoriis,
969 4184 1005 4252 in
1021 4184 1099 4280 qui-

13 4285 57 4330 »us
76 4277 232 4357 apparet,
264 4260 566 4344 dissimilitudinem
588 4203 809 4338 humanarum
834 4264 1099 4341 macedonum

468 4441 476 4476 l
