2548 4906
217 341 299 465 ¹r8o
534 420 539 428 ,
679 319 883 438 “Apologia
948 301 953 372 .'

230 527 260 598 si
279 521 621 620 quandosacerdotes
640 521 738 590 Laica
753 503 986 596 communione
1002 518 1050 616 uti
1066 517 1234 610 jubentur‚i

116 675 129 700 ,
219 611 396 690 militatur,
426 607 516 709 quod
539 604 756 674 aministerio
782 602 1031 676 consecrationis
1055 601 1168 672 remoti
1187 599 1234 669 luel

231 690 347 799 Neque
361 691 424 762 boc
439 706 593 784 ignorant
613 689 811 771 adversarii,
839 689 898 758 sed
916 688 1092 774 abutuntur
1114 683 1234 756 inscitirl

231 797 432 878 peritorum,
464 775 521 870 qui
545 800 618 843 cum
646 773 782 860 audiunt
803 773 936 858 Laicam
959 771 1234 851 communionemt

232 867 291 937 tim
310 861 615 933 somniantmorem
631 859 736 932 nostri
752 859 920 952 temporis,
967 883 1010 926 uo
1028 858 1122 928 datur
1136 855 1234 926 Laicis!

216 968 303 1024 ,tum
323 973 399 1044 pars
421 944 621 1015 sacramenti.
641 950 713 1044 ‘Ae
726 945 829 1014 videte
850 943 895 1011 im
921 883 1102 1021 edentum,
1120 939 1234 1028 ¹Gabriel

234 1042 283 1105 ter
300 1039 440 1102 caeteras
459 1053 570 1099 causas
585 1045 708 1110 recitat,
730 1051 787 1096 cur
802 1050 869 1096 non
907 1044 976 1096 etur
992 1043 1130 1120 utraque
1144 1051 1214 1122 pars,
1228 1049 1234 1120 q

233 1118 334 1190 fuerit
350 1117 525 1186 discrimen
540 1112 625 1184 inter
641 1113 756 1184 Laicos
778 1130 809 1182 et
824 1113 1037 1206 Presbyteros
1050 1113 1234 1183 faciendum

234 1200 388 1274 credibile
406 1217 453 1273 est
469 1200 550 1267 banc
564 1198 771 1294 praecipuam
795 1222 927 1268 causam
943 1221 1031 1278 esse,
1060 1223 1119 1268 cur
1143 1193 1234 1265 dolend

258 1283 412 1356 rohibitio
430 1286 529 1352 unius
543 1285 661 1436 Hamis,
692 1299 728 1352 ut
753 1281 894 1376 dignitas
920 1281 1044 1350 ordinis
1065 1281 1234 1374 religioneq

235 1311 313 1443 dam
327 1372 383 1438 liat
397 1393 543 1439 commen
567 1372 662 1437 atior.
706 1373 778 1436 Hoc
801 1381 850 1435 est
873 1366 1046 1436 consilium
1068 1365 1234 1446 humanum,

236 1455 321 1526 nihil
345 1453 696 1534 dicamusdncivilius,
729 1452 837 1552 quod,
867 1435 933 1546 (iun
957 1468 1096 1546 spectet,
1127 1451 1234 1538 lacilejt

236 1541 303 1612 cari
319 1557 432 1636 potest.
476 1543 523 1606 Et
539 1540 573 1606 in
588 1533 811 1610 &uiolatione
823 1535 976 1626 alle-gant
987 1539 1025 1606 de
1041 1537 1120 1606 filiis
1137 1537 1234 1626 Heliq

169 1636 171 1645 ’
236 1627 500 1702 amissosummo
517 1621 714 1704 sacerdotio,
739 1621 903 1726 'perdituri
928 1622 993 1691 sint
1016 1623 1119 1709 tinam
1141 1637 1232 1715 parter

236 1709 430 1787 cerdotalern
457 1712 608 1797 rRogum
621 1712 662 1775 ll'.
696 1711 769 1799 ¹Hic
783 1706 1005 1776 dieunt'usum
1020 1707 1120 1776 unius
1136 1705 1234 1800 speciei

168 1847 198 1860 ·.
230 1797 405 1865 nificatum
428 1817 506 1868 esse.
557 1797 602 1862 Et
620 1792 764 1861 addunt:
797 1791 854 1860 Sic
877 1817 956 1893 ergo
981 1807 1014 1860 et
1033 1792 1140 1860 nostri
1162 1787 1226 1860 Laiei

40 1901 42 1932 ²
143 1941 146 1956 ,
204 1937 206 1941 .
236 1896 330 2036 farte
349 1875 558 1960 sacerdotali,
589 1876 786 1970 una'speeie
809 1893 1036 1945 conturbasse
1059 1877 1185 1946 debent.
1216 1867 1234 1938 Pl

254 1959 359 2034 udunt
371 1961 566 2045 adversarii,
594 1988 668 2032 eum
685 1964 727 2030 ad
741 1977 977 2030 sacramentum
1004 1963 1200 2030 transierunt
1213 1955 1234 2023 ll

238 2051 323 2119 riam
347 2047 385 2115 de
407 2046 544 2140 posteris
569 2045 656 2116 Heli.
692 2046 750 2116 ‘lbi
770 2044 970 2130 describitur
989 2071 1099 2140 poena
1121 2045 1196 2114 Heli.
1223 2045 1234 2108 l

205 2219 207 2226 Α
238 2134 302 2204 hoc
316 2155 446 2228 quoque
463 2130 588 2216 dicent,
619 2132 735 2200 Laieos
750 2146 885 2234 propter
896 2155 1035 2224 poenam
1050 2129 1202 2200 removeri
1212 2125 1234 2194 al

218 2301 222 2310 ,
237 2235 310 2288 tera
328 2222 443 2314 parte?
485 2219 730 2295 Sacramentum
748 2229 934 2284 institutum
954 2231 1004 2284 est
1016 2216 1058 2284 ad
1068 2212 1234 2306 ”consolanda

192 2350 195 2356 f
238 2303 409 2394 erigendas
425 2301 553 2370 territas
571 2318 714 2383 mentes,
746 2300 973 2370 cumeredunt
990 2323 1122 2370 earnem
1137 2298 1230 2376 Christ

239 2405 307 2459 tam
324 2386 463 2480 provita
477 2383 592 2455 mundi
608 2387 715 2457 cibum
733 2411 819 2468 esse,
851 2409 924 2456 cum
943 2385 1079 2455 'credunt
1096 2386 1234 2474 se·eonjul

242 2473 395 2554 Christo,
417 2470 585 2552 ¹vivilieari.
627 2473 752 2540 Verum
767 2470 942 2540 adversarii
954 2459 1234 2559 argumentantur!

240 2566 298 2639 e'os
311 2555 473 2627 removeri
484 2556 525 2623 ab
544 2554 644 2624 altera
660 2572 752 2648 parte
766 2579 890 2650 poenae
904 2577 1010 2629 causa.
1052 2557 1194 2635 Debent,
1211 2552 1217 2616 i

241 2657 319 2724 unt,
349 2665 418 2736 esse
434 2643 594 2719 eontenti;
623 2639 701 2708 satis
716 2665 779 2736 pro
793 2640 836 2708 im
863 2640 942 2711 erio.
986 2643 1060 2710 Cur
1075 2659 1181 2730 autem
1193 2637 1234 2730 de

196 2803 205 2818 Ι
232 2751 308 2816 ιηοη
331 2740 379 2792 cst
400 2724 586 2818 quaerenda
607 2728 711 2808 ratio,
748 2725 806 2794 sed
839 2665 891 2794 lix
917 2741 1004 2809 esto,
1042 2725 1196 2821 quidquid
1212 2719 1234 2784 ll

241 2807 415 2961 ᾎἮοοῖοἱὶ.
458 2811 609 2907 Haecest
625 2811 823 2901 ἑωλοκρασία
836 2809 987 2880 Ecciana.
1016 2810 1234 2904 Agnoscimust

196 2941 200 2954 ι
242 2911 320 2964 rstas
343 2897 372 2973 Τ
397 2917 560 2962 rasomeas
579 2919 691 2980 voees,
728 2921 808 2992 quas
832 2897 860 2964 si
878 2894 1043 2985 'exagitare
1065 2896 1234 2966 vettonum

208 2997 213 3005 ·
242 2979 391 3048 defutura
406 2977 501 3066 nobis
516 2996 600 3059 esset
613 2981 730 3051 oratio.
773 2979 903 3054 Videtis
918 2979 1005 3048 enim
1023 2995 1148 3076 quanta
1169 2973 1234 3046 sitin

243 3067 361 3154 dantia.
404 3070 546 3164 Imperat
564 3081 721 3160 tanquam
744 3065 861 3158 aliquis
884 3071 1055 3157 Tyrannus
1082 3065 1119 3133 in
1144 3047 1234 3150 nagal

237 3150 345 3240 [Quod
362 3147 482 3231 nolint,
502 3147 613 3234 velint,
636 3151 754 3222 debent
771 3175 847 3238 esse
858 3150 1008 3223 contenti.
1051 3155 1143 3220 Num
1157 3149 1234 3216 haerl

243 3259 319 3317 nes,
348 3256 428 3328 quas
448 3233 541 3316 citat,
570 3236 769 3306 excusabunt
790 3233 851 3304 bos
872 3234 905 3303 in
926 3232 1048 3326 jndicio
1066 3235 1148 3315 Dei,
1174 3227 1234 3326 quil

243 3316 356 3388 bibent
370 3333 494 3412 partem
513 3319 723 3403 sacramenti,
747 3318 803 3416 qui
828 3321 975 3399 saeviunt
994 3318 1030 3387 in
1050 3317 1192 3388 homines
1206 3312 1234 3388 ht!

212 3467 214 3480 ,
243 3417 369 3472 utentes
385 3402 510 3494 integro
527 3413 750 3484 sacramento?
794 3403 831 3474 Si
849 3403 910 3472 bac
931 3403 1057 3474 ratione
1077 3402 1234 3498 'probibente

152 3499 161 3526 ⁸
244 3487 287 3555 sit
309 3485 432 3555 ordinis
458 3483 652 3570 discrimen,
682 3487 760 3558 haec
783 3488 856 3584 ipsa
873 3487 958 3558 ratio
980 3511 1113 3559 movere
1135 3485 1232 3575 debeat

243 3571 458 3670 assentiamur
468 3572 673 3670 adversariis,
695 3572 746 3642 rel
761 3573 789 3648 si
803 3572 929 3670 alioqui
942 3598 1070 3643 morem
1084 3570 1155 3642 cum
1168 3568 1234 3662 ipsul

242 3671 349 3726 vaturr
365 3669 504 3737 eramus.
541 3657 624 3726 'Alta
635 3663 711 3738 sunt
725 3655 915 3726 discrimina
930 3656 1054 3728 ordinis
1068 3656 1234 3748 sacerdotal

251 3738 376 3836 ‘opuli'r
407 3735 545 3810 sednon
564 3757 611 3812 est
627 3742 818 3824 obscurum,
844 3741 928 3835 ,quid
944 3740 1085 3812 habeant
1103 3735 1234 3823 consiliu„

242 3762 306 3894 lios
321 3822 493 3924 discrimen
509 3842 678 3920 tantopere
693 3825 874 3898 defendant.
916 3829 996 3910 Nos,
1020 3848 1061 3896 ne
1078 3827 1118 3896 da
1136 3813 1234 3902 vcralll

190 3937 191 3944 ¹
243 3925 311 3981 tate
328 3909 648 4010 'ordrnrsdetrahere
677 3911 863 3994 videamur,
900 3910 940 3980 de
961 3910 1023 3981 hoe
1049 3909 1234 3992 callido-⁶⁰⁰⁵

243 3993 338 4092 plura
356 4018 422 4061 non
440 3993 594 4066 dicemus.
735 4075 738 4078 ¹
863 4067 866 4074 ,
1233 4041 1234 4044 =

160 4123 163 4130 ‹
270 4137 273 4146 ,
328 4075 479 4170 Allegant
501 4093 533 4148 et
553 4079 733 4174 periculum
756 4078 928 4174 effusionis
961 4095 993 4149 et
1018 4077 1138 4148 similia
1159 4055 1234 4170 quttl

245 4185 328 4258 quae
341 4183 407 4230 non
421 4161 540 4232 habent
559 4181 680 4234 tantam
701 4164 784 4247 vim,
807 4181 843 4234 ut
859 4161 1097 4236 ordinationem
1121 4161 1234 4230 Chnsut

242 4261 321 4318 tent
336 4287 338 4296 ·
360 4251 408 4320 Ει
420 4247 582 4344 tingamus
596 4273 672 4323 sane
687 4249 825 4324 liberum
840 4275 919 4336 esse,
942 4246 991 4321 uti
1005 4273 1069 4322 una
1082 4261 1168 4346 parte
1180 4247 1234 4311 rut
