2750 4902
213 357 264 446 *ab
541 317 544 326 i
656 351 891 430 Confessio
979 383 1009 408 ·'

213 525 342 614 tidhelm
356 527 464 608 emam
486 539 560 606 Deo
576 529 709 606 mereri.
769 537 861 608 Nam
889 531 1037 605 remissio
1057 540 1270 632 peccatorum
1300 549 1333 610 et
1350 536 1351 544 '

215 623 402 718 justificatio
419 623 481 690 lide
497 618 771 719 apprehenditur,
793 620 877 720 slent
898 637 1033 720 testatur
1051 637 1083 690 et
1104 647 1165 690 vox
1182 623 1332 694 Christi:

216 713 312 780 Cnm'
332 706 477 778 faceritis
506 705 585 776 haec
611 727 747 790 omma,
785 707 898 784 d1c1te,
935 731 1021 781 serat
1044 705 1177 776 inutiles
1201 731 1333 778 snmus.

117 871 121 880 .
215 797 307 865 Idem
323 794 441 863 docent
462 807 494 862 et
510 807 631 860 veteres
654 789 837 885 Scriptores
861 787 1099 870 Ecclesiastici;
1128 793 1334 864 Ambrosius

174 903 177 908 ·
214 881 303 952 enim
317 875 443 973 inquit:
487 877 558 948 Hoc
573 875 784 956 constinttnm
799 889 848 946 est
864 899 883 944 a
899 879 994 960 Deo,
1022 891 1060 948 ut
1077 876 1135 972 qni
1160 877 1269 949 credit
1299 880 1334 946 in

206 963 406 1045 Christano,
426 960 536 1032 salvus
549 961 609 1044 sit,
631 961 705 1030 sine
717 983 834 1056 opere,
855 959 925 1030 sola
940 961 1004 1033 lide
1012 1001 1025 1047 ,=
1051 959 1154 1052 gratis
1165 961 1333 1059 accipiens

93 1067 96 1074 '
136 1079 141 1090 ¹
213 1049 442 1122 remissionem
460 1062 680 1150 peccatorem.

578 1203 654 1280 Vll.
704 1207 761 1280 Dc
784 1201 962 1282 Ecclesia.

297 1358 380 1424 Item
395 1351 532 1448 docent,
554 1349 644 1446 quod
662 1353 729 1425 dha
748 1365 859 1428 sancta
880 1350 1023 1426 Ecclesia
1045 1367 1205 1450 perpetuo
1229 1377 1333 1426 man-

212 1451 293 1510 sura
309 1439 363 1510 sit.
420 1443 481 1510 Est
503 1456 612 1513 autem
631 1435 781 1508 Ecclesia
808 1438 1018 1533 congregatio
1048 1455 1256 1524 sanctornm,
1297 1443 1331 1510 in

96 1551 101 1566 s
217 1550 285 1620 qua
299 1523 518 1620 Euangelinm
534 1537 619 1593 recte
635 1521 784 1606 docetur,
809 1540 840 1594 et
861 1541 946 1593 recte
968 1523 1238 1594 administrantur
1263 1530 1331 1596 Sa·

13 1645 15 1652 s
133 1689 138 1698 ,
217 1625 393 1682 eramenta.
444 1613 490 1680 Et
503 1611 545 1680 ad
558 1631 667 1678 veram
681 1607 840 1679 unitatem
862 1605 1046 1694 Ecclesiae,
1077 1607 1156 1680 satis
1174 1625 1223 1681 est
1245 1637 1331 1681 con-

216 1695 336 1768 sentire
358 1695 398 1766 de
414 1693 560 1764 doctrina
574 1695 667 1776 Evan
693 1689 745 1762 elii
759 1708 792 1764 et
813 1692 1101 1765 administratione
1126 1699 1332 1766 Sacramen-

149 1806 154 1813 ·
217 1798 337 1852 tornm.
378 1785 447 1850 Nec
461 1804 590 1848 necesse
604 1791 652 1848 est
666 1805 688 1846 u
713 1776 790 1873 ique
814 1803 883 1850 esse
900 1777 1023 1850 similes
1044 1778 1238 1850 traditiones
1260 1779 1333 1852 hu-

216 1893 351 1946 manas,
374 1887 433 1939 seu
446 1864 527 1932 ritus
548 1877 607 1948 aut
625 1865 843 1946 ceremonias,
871 1861 913 1934 ab
934 1861 1121 1934 hominihus
1144 1864 1332 1938 institutas.

217 1953 312 2023 Sicut
339 1949 449 2044 inquit
468 1945 610 2049 Paulusz
647 1953 725 2020 Una
752 1949 853 2032 fides,
891 1973 997 2019 unum
1024 1950 1203 2045 baptisma,
1239 1977 1332 2022 unus

216 2043 309 2108 Deus
322 2051 354 2108 et
369 2052 461 2132 pater
478 2057 626 2106 nmmum
641 2047 709 2126 etc,
1271 2068 1274 2078 ·

490 2193 601 2270 snt
645 2169 826 2298 ¹oetam
841 2249 843 2257 .
858 2191 1036 2290 nectent.
1127 2293 1130 2298 Ι

219 2369 222 2378 =
254 2371 275 2378 ..
303 2332 402 2418 Quen
429 2347 506 2398 uam
519 2321 666 2398 Ecclesia
683 2322 816 2420 proprie
838 2322 882 2394 sit
897 2320 1106 2426 congregatio
1125 2336 1331 2410 sanctorum,

144 2495 147 2502 ,
217 2430 340 2488 meere
363 2440 416 2486 cre
441 2412 582 2488 entiumr
611 2425 744 2510 tamen,
771 2432 844 2479 cunr
866 2409 902 2480 in
928 2407 988 2482 hac
1008 2427 1076 2481 vita
1100 2409 1195 2482 multi
1215 2409 1333 2508 hypo-

217 2501 316 2574 critae
334 2516 365 2571 et
381 2499 461 2571 mali
479 2493 617 2566 admixti
631 2511 714 2578 sint,
737 2493 814 2564 licet
828 2492 875 2564 uti
891 2493 1128 2577 Sacramentis,
1160 2517 1247 2591 qnae
1297 2525 1334 2568 er
1361 2583 1362 2588 ἵ

216 2587 323 2670 malos
340 2583 624 2660 administrantur,
653 2577 747 2679 juxta
758 2603 871 2678 yocem
889 2577 1031 2650 Christi:
1054 2581 1175 2652 Sedent
1190 2523 1333 2656 Scribas

218 2691 251 2744 et
267 2670 435 2746 Rharisaei
450 2667 487 2738 in
502 2663 656 2736 cathedra
668 2663 785 2733 Morsrs
804 2679 863 2733 etc.
906 2669 952 2734 Et
966 2681 1171 2736 sacramenta
1192 2681 1225 2737 et
1250 2693 1332 2736 ver-

218 2759 298 2828 bum
310 2770 445 2854 propter
458 2747 701 2840 ordinationem
718 2763 751 2818 et
772 2745 964 2837 mandatum
980 2748 1104 2840 Chrisn‘
1117 2765 1194 2826 sunt
1207 2750 1334 2844 effica-

213 2842 285 2928 cia,
317 2839 445 2918 etiamst
459 2861 520 2931 per
529 2831 634 2904 malos
651 2831 884 2903 exhibeantur..
934 2847 938 2854 “

210 2979 213 2984 ,
302 2932 471 2994 Damuaut
483 2920 674 3019 Donatistae
691 2934 723 2988 et
738 2917 882 3018 similes,
905 2918 962 3016 qui
978 2920 1142 3014 negabant
1162 2917 1262 2992 licere
1279 2921 1335 2997 uti

217 3009 399 3087 ministerio
415 3005 639 3104 malorum-m
666 3001 828 3086 Ecelcsra,
852 3005 1087 3078 assentiebant
1107 3007 1334 3082 ministerium

218 3097 381 3171 malorum
395 3092 511 3164 inutile
536 3108 568 3163 et
589 3087 737 3160 ruellicax
757 3113 838 3166 esse.

498 3240 503 3250 ¹
531 3295 539 3317 ·
568 3249 630 3327 lx.
681 3249 738 3322 De
765 3245 971 3356 ¹baptismo.
1061 3343 1063 3348 Ι

302 3391 355 3457 De
368 3382 542 3482 Baptismo
561 3379 699 3462 docent,
744 3380 812 3450 uod
824 3379 867 3450 sit
887 3377 1086 3458 necessarius
1108 3379 1336 3470 adsalutem,

265 3473 373 3568 orique
381 3495 446 3574 per
457 3465 666 3566 Baptismum
681 3403 843 3563 offeratur
854 3465 960 3554 gratia
968 3464 1051 3565 Dei;
1074 3481 1108 3536 et
1121 3467 1337 3567 quodupueri

219 3576 285 3631 smt
299 3553 508 3664 aspernandi,
530 3577 589 3648 qut
608 3576 670 3648 per
683 3553 896 3647 Bapttsmum
912 3549 1017 3622 oblata
1032 3556 1106 3622 Deo
1122 3549 1339 3648 reciptantur

217 3647 253 3717 in
270 3637 502 3740 granamllei.
642 3715 651 3735 .
794 3718 803 3736 ·
820 3716 829 3736 ι

282 3775 287 3783 -
301 3735 472 3808 Damnant
488 3719 730 3815 Anabapttstas,
745 3743 805 3824 qur
819 3717 1010 3814 improbant
1023 3717 1224 3817 baptismum
1238 3751 1338 3822 pue-

217 3839 353 3900 rorum,
375 3829 407 3883 et
420 3807 586 3880 allirmant
600 3829 721 3902 pueros
741 3829 811 3876 sme
826 3804 987 3901 baptismo
1002 3805 1109 3882 salvus
1120 3809 1203 3884 lieri.

496 4005 502 4016 a
525 3967 571 4041 X.
622 3953 685 4040 Dc'
706 3969 831 4038 Coena
855 3961 1014 4039 Domini.

302 4107 355 4176 De
385 4105 498 4174 Coena
526 4095 665 4167 Domini
693 4081 828 4179 docent,
865 4093 956 4190 quod
986 4121 1104 4192 corpus
1124 4099 1171 4168 'et
1187 4101 1337 4192 sanguis

218 4187 345 4264 Christi
361 4213 435 4259 rere
451 4185 580 4266 adsint,
599 4193 639 4252 et
660 4179 902 4250 distribuantur
925 4183 1128 4260 vescentibus
1149 4182 1184 4254 in
1204 4186 1336 4258 Coena

209 4273 374 4366 Domini,
397 4281 429 4344 et
444 4269 637 4368 improbant
649 4289 741 4340 secus
756 4265 916 4338 dommo.
