2610 4900
1011 225 1017 278 l

356 309 610 426 ciieohtsmiis
627 319 760 452 major.
810 321 814 338 Ι
1032 351 1102 430 36ι

34 540 68 594 ιι.
104 525 307 597 Carmania
344 531 378 598 'd
397 533 542 618 iudaeos
567 557 618 602 ris
634 528 917 602 luitveliementei·
938 535 1056 614 usitata
1074 550 1113 607 et·
1179 555 1184 582 ¹
1223 569 1232 586 ·

33 611 202 680 communis:
223 614 308 708 siqui
333 641 384 684 eiii
404 619 547 710 populus
578 617 713 712 optimis
742 614 873 690 levibus
900 619 1107 712 gubernaba-

33 711 81 762 tur.
117 699 159 764 Et
174 698 228 766 ubi
246 700 345 771 etiam
363 701 460 772 lindie
479 720 527 772 est
535 702 734 798 Respublica
748 673 796 770 ad
804 699 1035 773 huucmodum
1050 705 1121 782 in-,

31 778 140 862 stituta,
167 807 234 851 non
258 803 362 880 potest
385 811 453 855 noir
476 791 507 856 ei
531 803 660 881 peccato
683 787 773 862 locus
797 811 876 856 esse.
926 789 1033 880 Cujus
1058 790 1107 860 rei

32 863 93 931 lianc
107 881 194 934 rausa
209 884 268 938 est.
317 872 382 942 Ubi
400 872 490 940 enim
504 888 574 970 'pro
598 869 755 941 tribunali
782 871 925 960 judices,
949 873 1107 960 consules,
1150 883 1155 890 '

31 947 182 1042 principes,
196 953 253 1022 aut
268 953 326 1024 alii
342 956 554 1046 magistratus
569 955 802 1048 cognoscendis
816 959 922 1027 causis
932 959 1012 1028 dant
1024 984 1109 1054 ope*-

31 1055 102 1114 ram,
128 1035 178 1104 liic
198 1039 509 1136 lieri-nonpotest,
538 1041 619 1136 quin
644 1067 705 1136 pro
731 1039 832 1130 liujus
856 1042 970 1112 mundi
990 1043 1108 1114 usitata

31 1121 238 1190 consuetudine
254 1149 307 1194 res
322 1143 456 1218 agatur:
478 1129 575 1195 nemo
593 1126 731 1199 libenter
745 1125 964 1220 potentiorem
977 1127 1109 1200 laedere
1245 1195 1250 1208 ,

29 1200 163 1287 sustinet,
184 1210 241 1276 sed
257 1210 396 1306 quisque
412 1228 594 1281 assentatur
608 1228 639 1281 et
654 1209 802 1304 loquitur
816 1211 859 1278 ad
897 1213 1033 1294 retiam,
1055 1214 1108 1282 vi-
1156 1256 1160 1265 ·

29 1301 83 1353 ctus
96 1306 148 1358 aut
161 1296 315 1378 nummis,
338 1313 396 1366 aut
409 1321 478 1390 spe,
505 1296 737 1376 arit‚amicitia.'
764 1295 858 1364 Unde
875 1238 928 1382 it,
953 1313 990 1366 ut
1006 1297 1109 1368 niisei·

29 1369 129 1464 aliquis
150 1375 252 1448 victus
269 1397 302 1450 et
318 1407 512 1478 oppressus,
541 1405 638 1451 causa
661 1381 791 1464 cadere,
816 1379 857 1450 Ιιιι
877 1395 1000 1475 poenas
1023 1409 1108 1476 pen—

16 1455 88 1528 ¹dere
101 1477 241 1550 cogatur.
282 1469 407 1562 Estque
422 1465 606 1537 communis
621 1463 783 1560 quaedam
799 1464 835 1532 in
857 1465 1107 1537 mundoclailes
1159 1495 1162 1500 ·
1206 1483 1209 1495 '

27 1555 111 1636 atque
118 1545 305 1646 calamitas,
328 1551 418 1647 quod
430 1550 556 1644 judicio
570 1575 706 1647 perraro
723 1566 880 1645 praesunt
895 1551 966 1620 viri
979 1552 1061 1622 boni
1077 1569 1109 1623 ct
1186 1567 1191 1578 ’
1290 1555 1292 1576 ²

26 1641 80 1693 inte
101 1655 136 1696 ri.

82 1652 206 1808 gNeque
221 1718 305 1788 enim
324 1719 431 1812 quivis
450 1721 480 1790 ei
492 1721 720 1790 rci'invenitur
735 1720 919 1816 appositus,
941 1722 998 1792 sed
1013 1747 1108 1790 cum·
1152 1741 1154 1769 ¹
1205 1769 1231 1788 ›-

25 1794 125 1890 primis
140 1825 270 1876 necesse
285 1819 349 1886 est,
370 1822 407 1876 ut
420 1808 465 1890 is,
490 1804 552 1900 qni¹
572 1805 689 1898 judicis
711 1805 880 1876 functurus
906 1821 956 1876 est
979 1807 1108 1890 officio,
1125 1835 1152 1874 ,·

26 1901 66 1946 vir
76 1883 114 1952 sit
127 1889 250 1977 probus
265 1904 297 1958 et
308 1889 402 1983 pius,
426 1907 458 1960 et
467 1916 534 1960 non
551 1905 677 1959 tantuin
698 1891 843 1983 probus,
871 1906 985 1960 verrini
1006 1893 1107 1972 etiarn

25 1967 150 2055 prudens
161 1971 210 2074 §st
229 1987 262 2042 et
275 1975 460 2070 perspicax,
482 2003 541 2044 nec
557 1968 675 2044 minori
688 1975 824 2044 audacia
839 1991 871 2046 ct
885 1977 987 2045 animi
1010 1977 1111 2062 lortiff
1179 1984 1184 1993 '

25 2050 118 2120 tudine
139 2058 320 2146 prae'ilitiis.
369 2063 446 2132 Non
469 2063 559 2131 'secus
581 2085 713 2154 quoque
737 2083 858 2155 operae
884 2067 1046 2153 pretium,
1072 2079 1108 2133 ut
1137 2107 1140 2134 i

24 2137 70 2224 qui
87 2152 193 2209 testem
218 2159 347 2230 acturus
368 2163 436 2229 est,
469 2146 521 2226 rii
541 2144 583 2213 sit
606 2145 719 2226 sortis,
749 2169 787 2214 ac
806 2148 893 2214 vitae
915 2144 1107 2240 inculpatae.

26 2222 83 2304 Qui
96 2223 176 2302 enim
191 2225 226 2294 in
246 2229 402 2300 omnibns
415 2231 528 2304 causis
547 2255 676 2324 semper
697 2232 782 2322 juste
795 2230 970 2320 ·judicare,
1001 2257 1108 2325 neque
1228 2299 1230 2306 χ

23 2305 77 2373 riri
87 2323 138 2376 aut
153 2309 310 2404 injuriam
324 2314 445 2384 inferre
452 2314 598 2416 justitiae
611 2313 768 2392 voluerim
789 2315 826 2411 ,ei
842 2313 1006 2408 saepicule
1021 2316 1112 2406 aniiss
1192 2401 1195 2404 Ι
1215 2383 1229 2408 ,Ὺ

23 2387 65 2466 tl,
93 2392 224 2477 altinus,
240 2400 401 2488 cognati,
428 2400 544 2479 vicini,
582 2413 732 2493 potentes
756 2423 793 2468 ac
819 2399 932 2494 divites
955 2397 1108 2470 laedendi
1183 2463 1187 2468 .

25 2493 106 2546 crunt
119 2496 151 2548 et
163 2482 376 2566 offendendi,
400 2486 458 2577 qui
482 2482 620 2553 multum
638 2483 689 2552 illi
706 2499 762 2552 aut
775 2485 907 2566 obesse,
933 2500 991 2555 aot
1004 2486 1119 2580 prod1
1135 2512 1139 2516 ·
1180 2495 1183 2502 ’

23 2583 80 2628 esse
92 2565 220 2656 queant
267 2569 429 2657 Quocirca
445 2569 579 2640 omnino
592 2587 706 2637 coecus
721 2567 764 2637 sit
786 2586 934 2663 oportet,
956 2587 993 2639 ut
1015 2569 1109 2638 clau-

23 2642 60 2710 sis
73 2663 101 2716 et
115 2650 251 2720 auribus
266 2671 298 2724 et
313 2655 416 2729 oculis
429 2653 512 2723 niliil
529 2653 643 2722 audiat
656 2668 714 2722 aut
725 2652 853 2738 videat,
876 2671 1110 2750 praeterquam
1143 2709 1145 2716 .

23 2733 157 2817 quirilli
174 2741 400 2832 exponuntur,
420 2755 457 2810 ut
471 2739 648 2810 secundum
660 2737 727 2811 illa
742 2737 828 2808 ferat
839 2740 1045 2810 sententiani.
1112 2767 1114 2771 ’

95 2820 246 2890 Primum
281 2849 358 2914 ergo
398 2851 439 2895 eo
480 2824 584 2894 tendit
613 2821 712 2916 liujus
750 2827 916 2920 praecepti
946 2824 1109 2918 constitu·-
1140 2835 1170 2892 ι’

22 2895 77 2982 lio,
96 2921 136 2981 ut¹
170 2907 421 3003 uiris'proiiimo
438 2912 474 2978 in
491 2909 569 3010 eius
587 2910 670 3000 jure*
683 2908 804 2978 tue'ndo
825 2908 909 2990 serat
921 2910 1109 3006 suppetias,
1217 2964 1220 2972 ,

22 2929 250 3082 Πιιιυοιοῖειει,
272 3016 352 3064 neve
368 2995 434 3064 alio
448 2993 612 3064 malitiose
624 3009 800 3086 torqueat,
820 3009 878 3062 aut
892 3010 1040 3094 torqueri
1060 3019 1115 3062 sim

21 3085 86 3152 nat,
122 3102 238 3146 verum
254 3079 408 3149 omnibus
438 3079 546 3148 modis
569 3093 780 3171 promoveat,
814 3077 932 3173 illique
963 3085 1126 3178 interrita
1157 3096 1161 3109 ·
1219 3135 1222 3141 .

21 3163 248 3245 patrocinetur,
278 3167 345 3232 sive
368 3165 488 3256 judicis
509 3164 578 3232 sive
606 3163 694 3232 testis
721 3187 896 3257 personam
921 3158 1110 3246 obtinuerit,
1161 3195 1168 3214 ι
1259 3177 1260 3186 ’

21 3249 365 3342 qitaecunquetandem
383 3247 484 3319 resin
505 3248 743 3318 contentionem
766 3247 901 3324 venerit.
940 3249 1036 3318 ¹‘Curii
1063 3243 1111 3315 ri-

20 3343 161 3398 misvero
179 3335 330 3423 hocloco
346 3333 542 3429 J'i‘ireperitis
563 3347 651 3400 meta
671 3333 814 3426 praefixa
837 3349 900 3416 est,
938 3359 1007 3427 quo
1025 3273 1112 3433 ‘dili-

20 3427 121 3495 gcnter
134 3415 286 3500 videant,
298 3435 344 3490 'ut
360 3443 472 3488 causas
493 3419 638 3488 forenses
652 3417 738 3508 juste
752 3432 889 3506 tractent
912 3434 1008 3512 atque
1024 3434 1117 3488 inte-¹

21 3515 86 3579 gre,
111 3517 165 3600 ut²
187 3504 415 3598 quodju'stum
433 3519 492 3584 est,
514 3505 638 3604 justum
652 3525 721 3570 esse
735 3507 915 3598 patiantur:
938 3518 971 3571 et
984 3518 1111 3585 contra,

20 3581 130 3652 nesuis
153 3589 347 3682 imposturis
369 3604 402 3658 et
425 3587 547 3661 technis
571 3585 666 3684 nigra
687 3585 722 3680 ip
743 3587 882 3656 candida
907 3602 1053 3672 vertant,
1081 3604 1114 3669 et
1139 3609 1141 3619 ·

20 3684 109 3752 prava
132 3688 221 3743 recta
237 3671 378 3756 faciant,
401 3689 458 3742 aut
473 3697 585 3742 verum
601 3679 789 3752 reticentes,
818 3671 951 3760 tacitum
966 3687 1114 3767 praeter-
1161 3719 1163 3727 i
1259 3759 1265 3766 ἱ

21 3765 96 3833 eant,
114 3755 206 3824 nullo
219 3774 366 3854 respectu
379 3755 602 3854 pecuniarum,
623 3779 738 3850 opum,
755 3755 921 3858 dignitatis
936 3773 1037 3856 atque
1049 3781 1114 3851 po-

21 3837 133 3906 tentiae
156 3839 284 3914 habito.
332 3848 381 3934 Et
404 3843 485 3912 haec
508 3857 556 3912 est
579 3865 736 3940 unapars
756 3841 858 3933 liujus
876 3857 1066 3944 praecepti,
1082 3856 1122 3944 ct
1190 3907 1192 3914 ι

20 3937 123 4076 iiiiii
137 3923 307 4022 aliquanto
324 3927 482 4036 crassior,
503 3927 545 3997 de
559 3925 737 4015 omnibus,
750 3943 994 4052 quaeiaguntur
1005 3951 1041 3996 iri
1056 3950 1120 4058 1¹¹·-

96 4087 345 4166 Deinde'mutio
362 4089 462 4168 latius
476 4110 579 4192 patet,
602 4092 680 4166 siin
698 4094 868 4196 spirituale
881 4095 1040 4189 judicium
1057 4110 1131 4190 auu
1245 4089 1248 4106 ⁴

21 4172 158 4263 regimen
173 4181 354 4265 reseratur,
376 4181 434 4252 ubi
451 4180 498 4250 ita
511 4181 632 4272 agitur,
653 4195 691 4248 ut
704 4180 812 4274 quivis
828 4181 982 4279 adversus
999 4177 1115 4280 prorii-

22 4281 104 4332 iuurn
119 4287 217 4336 suum
230 4266 349 4360 [pisum
365 4266 521 4364 loquatur
536 4265 772 4370 testimonium,
807 4266 1005 4371 Ubicunque
1025 4285 1132 4337 eiiiiii¹
1247 4341 1252 4349 ,
