2750 4902
194 296 197 306 ⁵
222 345 267 396 ao
373 319 405 410 ⁸,
579 399 582 412 ‚
642 383 646 390 .
679 305 871 402 Confessio

218 515 314 594 atque
331 485 463 578 dlferre,
493 503 539 572 Et
557 501 668 574 habita
683 504 919 578 deliberatione
934 488 1181 604 proxima'seria
1197 524 1343 600 quarta,

216 603 349 683 rurspm
362 611 562 681 responsum
589 607 637 659 est
659 595 702 661 V,
727 595 767 661 C.
787 595 836 664 M.
863 616 923 661 nos
946 592 1112 687 proxima¹
1129 591 1213 669 feria
1236 611 1343 664 sexta

118 699 121 717 ν
217 668 379 742 ΑτιιωΙοε
395 689 522 744 nostrae
537 675 751 749 confessionis
766 691 947 762 pronostra
960 693 1052 772 parte
1066 675 1237 750 oblaturos
1246 702 1343 752 esse.

217 755 295 826 Ideo
311 770 347 826 ut
365 761 408 824 V.
426 759 465 825 C.
488 761 534 826 Μ.
560 757 720 834 voluntati
743 763 981 860 obsequamur,
1008 761 1181 832 offerimus
1203 761 1238 833 in
1266 760 1343 832 hac

119 907 123 915 ,
217 839 388 928 religionis
404 866 501 912 causa
517 861 705 916 nostrorum
725 863 1014 928 concionatorum,
1037 863 1069 919 et
1083 863 1229 918 nostram
1244 873 1341 925 con-

217 923 413 1008 sessionem,
449 929 634 1032 cujusmodi
667 931 848 1008 doctrinam
873 959 912 1000 ex
935 929 1105 1030 scripturjis
1126 931 1266 1012 sanctis,
1304 951 1343 1002 et

215 1034 300 1166 puro
320 1011 420 1109 yerbo
435 1015 517 1096 Der,
546 1013 702 1084 hactenns
725 1013 778 1084 illi
798 1017 832 1085 in
853 1016 973 1088 nostris
997 1031 1111 1100 terris,
1141 1015 1340 1100 ducatibus,

185 1147 188 1156 .
215 1109 218 1114 ·
241 1096 395 1197 itipnrhus
416 1113 449 1173 et
476 1099 613 1178 urbibus
642 1101 849 1188 tradiderint,
890 1126 929 1174 ac
956 1101 990 1174 in
1020 1100 1178 1175 Ecclesiis
1203 1117 1340 1177 nacta-

149 1245 153 1254 ,
216 1198 331 1255 vertut.
365 1197 370 1214 ¹
471 1197 474 1204 '
706 1253 712 1260 .
945 1192 951 1206 ‘

266 1335 271 1354 l
302 1267 404 1356 Quod
418 1270 446 1338 si
462 1287 494 1343 et
508 1269 642 1353 caeteri,
666 1269 852 1354 Electores,
881 1267 997 1341 Princi
1021 1295 1054 1339 es
1075 1295 1112 1342 ac
1128 1275 1240 1342 Status
1256 1277 1338 1342 lm·
1366 1322 1367 1330 κ

148 1433 153 1441 ¹
215 1351 496 1451 perii,3similibus
509 1354 657 1450 scriptis,
671 1354 796 1428 Latinis
812 1354 932 1432 scilicet
945 1373 977 1426 et
993 1295 1216 1440 Cermanicis,
1231 1359 1339 1449 juxta

214 1439 413 1532 praedictam
430 1443 626 1512 Caesaream
641 1438 914 1534 propositionem,
934 1465 1044 1514 suaso
1070 1439 1198 1516 iniones
1213 1439 1251 1510 in
1264 1439 1337 1512 bac

131 1615 134 1620 Ι
214 1545 312 1602 causa
328 1523 501 1616 religionis
515 1525 746 1620 produxerint,
767 1522 821 1593 hic
835 1550 894 1594 nos
908 1551 1025 1612 'coram
1045 1468 1090 1594 ll.
1117 1527 1157 1599 C.
1181 1529 1229 1599 Μ..
1250 1542 1334 1596 tan-

214 1632 316 1702 quam
331 1610 480 1681 Domino
497 1627 609 1680 nostro
624 1605 874 1686 clementissimo
892 1620 1023 1707 parato‘s
1040 1610 1230 1694 olletintus,
1263 1637 1336 1682 nos

213 1719 289 1764 cum
298 1693 455 1796 praefatis
469 1694 679 1788 Principibus
694 1712 726 1765 et
739 1693 852 1768 amicis
870 1695 1010 1787 nostris,
1033 1697 1074 1768 de
1095 1695 1334 1792 tolerabilibus

214 1778 385 1853 modts'ac
403 1780 466 1848 viis
487 1781 593 1852 amice
617 1779 786 1865 conferre,
820 1796 876 1864 ut,
907 1797 1068 1874 quantum
1091 1779 1333 1858 honestelieri

213 1873 336 1958 potest,
360 1863 611 1952 conveniamus,
634 1882 666 1935 et
690 1891 726 1936 re
748 1865 835 1941 inter
858 1891 922 1944 nos
954 1883 1082 1962 partes,
1114 1865 1196 1944 citra
1222 1865 1332 1938 odio-

51 1941 53 1951 ’
114 1961 118 1968 ’
213 1973 285 2017 sam
309 1949 568 2034 contentionem,
598 1949 892 2046 pacificeagitata,
918 1957 992 2024 Deo
1013 1953 1130 2036 dante,
1160 1949 1331 2022 dissensio

26 2393 51 2470 ’,
161 2433 164 2438 ι
211 2375 412 2450 densissimis
426 2375 511 2451 votis
532 2381 638 2450 alteo
656 2375 807 2534 petimus,

213 2033 407 2120 dirimatur,
419 2035 516 2108 etad
530 2059 631 2110 unam
651 2054 762 2106 veram
786 2036 981 2106 concordem
1000 2034 1196 2126 religionem
1219 2036 1331 2109 redu-

138 2123 143 2134 *
212 2135 321 2208 catur,
343 2119 426 2190 sicut
440 2144 553 2196 ornnes
566 2120 627 2191 sub
640 2147 706 2190 uno
718 2119 857 2194 Christo
872 2146 985 2192 sumus
999 2123 1032 2191 e't
1052 2119 1258 2204 militamus,
1295 2137 1332 2192 et

213 2229 318 2276 unum
335 2203 505 2280 Christum
517 2205 662 2283 confiteri
679 2205 852 2286 debemus,
879 2206 974 2298 juxta
993 2224 1140 2278 tenorem
1158 2203 1262 2276 edicti
1279 2211 1329 2278 V.

214 2289 318 2364 Gillo.
332 2307 366 2364 et
381 2290 492 2366 omnia
508 2289 734 2366 ad‘veritatem
748 2289 814 2364 Dei
828 2291 1066 2391 perducantur,
1093 2289 1131 2366 id
1151 2289 1244 2389 quod
1266 2316 1330 2369 ar-

177 2495 183 2510 ¹
296 2462 335 2538 Si
357 2479 485 2547 autem,
521 2461 654 2558 quoda
700 2477 848 2544 caeteros
866 2462 1054 2549 Electores,
1089 2457 1263 2556 Principes
1295 2477 1329 2536 et

211 2549 346 2632 Status,
373 2566 411 2618 ut
431 2565 560 2645 partem
585 2543 756 2640 alteram,
773 2547 901 2630 attinet,
930 2545 1011 2618 baec
1032 2547 1183 2620 tractatio
1203 2571 1328 2618 causae

163 2690 166 2714 ,
211 2630 415 2728 Religionis,
437 2633 610 2712 eomodo,
633 2657 700 2727 quo
714 2637 757 2704 V.
777 2633 816 2702 C.
832 2635 881 2704 M.
895 2629 1056 2724 agendam
1070 2648 1102 2701 et
1116 2633 1327 2707 tractandam

140 2781 143 2786 .
210 2717 375 2811 sapienter
404 2718 515 2800 duxit,
552 2717 696 2804 scilicet,
734 2741 809 2790 cnm
838 2715 897 2788 tali
920 2733 1037 2790 mutua
1056 2717 1327 2811 praesentatione

209 2802 405 2898 scriptorum
425 2827 463 2872 ac
476 2800 804 2886 sedatacollatione,
834 2801 919 2876 inter
941 2827 1002 2871 nos
1024 2827 1092 2872 non
1112 2802 1327 2896 processerit,

211 2913 272 2968 nec
295 2889 406 2991 aliquo
429 2887 644 2966 benefecta
667 2885 783 2974 suerit,
801 2912 877 2970 „nos
903 2885 1035 2982 quidem
1059 2903 1211 2956 testatum
1232 2886 1326 2960 clare

168 2979 172 2985 “
211 2973 445 3067 relinqurmus,
489 2971 543 3048 hic
561 2971 644 3048 nihil
673 2997 755 3054 nos,
800 2972 892 3068 quod
914 2972 956 3043 ad
980 2966 1206 3070 ‘Christianam
1235 2997 1326 3044 con-

210 3060 361 3135 cordiamx
387 3063 490 3154 (quae
518 3069 593 3131 cunt
614 3061 688 3130 Deo
720 3073 752 3140 et
771 3057 1077 3132 bonaconscrentra
1103 3057 1173 3130 liert
1220 3057 1326 3142 ussit)

209 3147 444 3238 conciliandam
462 3143 641 3235 ‘conducere
654 3159 762 3238 queat,
777 3139 845 3218 ullo
860 3143 960 3240 modo
977 3141 1163 3214 detrectare.
1186 3081 1327 3228 Cnem-

210 3233 389 3308 admodum
405 3249 438 3304 et
457 3236 502 3306 V,
516 3232 557 3304 C.
571 3235 621 3306 Μ.
640 3227 756 3300 deinde
770 3244 802 3298 et
816 3243 932 3296 caetere
945 3225 1130 3308 Electores,
1161 3231 1193 3295 et
1206 3229 1326 3298 Status

127 3377 134 3396 ,
211 3323 260 3388 lm
284 3313 361 3402 erii',
388 3335 574 3397 etomnes,
602 3313 723 3409 qnicrm
748 3339 789 3381 ue
808 3311 933 3384 sincero
954 3309 1123 3401 religionis
1144 3337 1259 3384 amore
1282 3338 1327 3384 ac

210 3344 318 3474 studio
329 3419 499 3483 tenentur,
529 3399 713 3496 quicunque
725 3337 812 3466 lanc
828 3421 958 3468 causam
973 3421 1079 3496 aequo
1094 3395 1204 3466 animo
1218 3397 1326 3466 audi-

210 3489 274 3560 turi
289 3491 383 3572 sunt,
403 3516 443 3578 er
465 3485 526 3558 bac
547 3499 657 3568 aesna
678 3500 712 3552 et
728 3500 916 3556 nostrorum
939 3479 1141 3556 consessione
1165 3479 1227 3555 hoc
1251 3481 1327 3558 oe-

209 3590 335 3646 menter
349 3595 543 3666 cognoscere
559 3586 592 3644 et
605 3563 697 3641 intell
732 3591 784 3640 ere
800 3565 833 3638 di
856 3565 1029 3664 nabrmtup.
1164 3621 1167 3626 .

248 3689 252 3694 ·
296 3663 381 3729 Cum
396 3657 493 3729 etiarn
508 3657 550 3748 V.
573 3654 612 3724 C.
634 3654 682 3722 Μ.
698 3595 846 3722 Clectort
870 3675 926 3735 ns,
953 3649 1161 3746 Principibus
1181 3667 1214 3720 ct
1234 3651 1326 3721 reli-

209 3747 286 3849 quis
311 3744 458 3820 statibus
479 3741 611 3849 Imperii
638 3763 706 3814 non
729 3759 794 3812 um
813 3736 901 3817 vite,
937 3731 995 3816 sed
1024 3759 1121 3830 saepe
1142 3733 1326 3810 elementer

209 3828 456 3919 significaverit,
477 3845 508 3898 et
529 3851 565 3900 nt
581 3819 737 3914 Comitiis
755 3818 984 3917 Spirensibus,
1015 3845 1100 3916 qnae
1117 3825 1218 3921 ⁸Anno
1240 3827 1324 3896 Ito-

134 3925 136 3933 ’
210 3919 290 3992 mini
306 3935 364 3990 etc.
378 3917 502 3986 xxvt.
521 3907 632 4014 bpbita
650 3923 745 4010 sunt²
776 3933 814 3978 ex
836 3905 911 3982 data
933 3924 965 4006 et
985 3924 1182 4008 praescripta
1205 3905 1323 4005 forma

208 4020 332 4078 vestrae
347 4003 524 4074 Caesareae
543 4012 763 4070 instructiones
787 4009 819 4062 et
840 4016 1080 4066 commiserones
1103 4007 1255 4074 recitari,
1285 4013 1326 4065 et

189 4093 194 4106 '
209 4089 339 4184 publice
353 4084 495 4182 praelegi
514 4082 641 4158 lecerit:
670 4085 824 4154 Vestram
836 4075 934 4178 Malu
949 4071 1012 4148 boc
1026 4075 1158 4168 negotio
1175 4074 1324 4168 religio..

210 4176 262 4250 nis
278 4202 316 4248 ex
330 4170 435 4246 causis
449 4171 564 4251 certis,
593 4189 677 4266 qnae
693 4167 735 4232 V.
748 4167 798 4232 M.
813 4187 950 4244 nomme,
959 4159 1115 4258 allegatae
1131 4178 1225 4244 sunt,
1247 4187 1324 4233 non

60 4297 62 4304 v
161 4255 162 4260 ’
209 4259 290 4335 velle
306 4260 480 4359 quicquam
495 4251 723 4337 determinare,
746 4253 806 4322 nec
819 4245 1012 4324 concludere
1025 4271 1134 4346 posse,
1155 4245 1211 4319 scd
1224 4251 1322 4343 apud
