2658 4892
51 327 73 393 2
293 281 777 474 'nasammonas
819 327 832 457 J
1013 303 1120 456 'oss
1219 357 1222 360 ·
1319 301 1320 339 ³

66 515 83 614 J
97 515 173 598 vtt'.
215 522 319 614 Quod
341 525 371 594 is
391 522 557 595 Ecclesiae
578 521 729 593 minister
747 516 816 592 uon'
829 519 935 614 possit
955 521 1042 593 alios
1058 547 1135 594 sa..
1181 525 1186 534 “

8 612 153 683 lubriter
174 613 300 692 docere,
322 626 379 680 aut
401 625 601 679 sacramenta
624 608 697 708 rite·
708 605 952 693 administrare,
966 609 1025 703 qui
1045 635 1114 682 neu

6 697 81 792 ipse
103 701 246 770 sit-'rere
258 710 462 788 xratusratus,
481 697 588 789 justus
610 709 643 767 et
663 717 750 790 prus.
982 719 985 726 ¹

166 919 385 988 annonas
404 875 646 992 novorum
667 917 973 990 aaranonuu..
1030 869 1040 886 ⁹

96 1052 277 1146 Rejicimus
308 1052 339 1124 et
367 1054 562 1124 damnamus
598 1051 697 1122 etiam
727 1075 886 1122 novorum
914 1055 1116 1132 arianorum

9 1138 157 1234 impium
170 1137 476 1232 'et¹blasphcmum
490 1147 492 1155 ’
506 1137 645 1226 dogma,
676 1134 766 1232 quod
793 1137 981 1221 affirmant,
1011 1140 1114 1208 Chri·

7 1241 99 1296 stum
130 1247 196 1305 non
227 1237 296 1295 esse'
323 1250 467 1307 aerum,
505 1219 728 1304 essentialem,
764 1221 947 1292 naturalem
982 1228 1116 1311 Deum,
1220 1287 1223 1294 .
1299 1238 1304 1255 ¹

6 1313 158 1403 ejusdem
187 1327 343 1380 aeternae
371 1309 475 1404 atque
492 1307 630 1378 divinae
659 1308 815 1376 essentiae
843 1333 923 1376 cum:
945 1311 1018 1377 Deo
1047 1313 1116 1378 Pa.

8 1414 80 1466 tre:
105 1394 163 1464 sed
191 1397 338 1486 fingunt,
369 1395 508 1490 cundem
537 1393 765 1462 tantummodo
802 1391 913 1491 divipa
943 1395 1115 1483 majestate

7 1507 86 1636 qum
118 1485 218 1552 Patre
240 1489 432 1568 ornatum,
475 1495 523 1550 tta
560 1494 599 1550 ut
632 1501 749 1577 revera
783 1493 827 1550 stt
859 1475 1008 1548 ,inferior
1040 1483 1115 1562 Deo

40 1583 121 1636 atre.
187 1609 190 1614 -
644 1604 648 1610 ·
808 1585 823 1598 ’·

54 1747 528 1858 annonnsnovonunu
546 1788 1073 1861 auat-raturrnntoauna.
1146 1873 1149 1879 ⁵
1221 1753 1270 1882 ’ᾗ

97 1951 123 2015 Ι.
169 1947 582 2038 Quod‘Anti-'l'ninitarii
603 1949 707 2045 aliqui
728 1965 838 2032 retera
857 1949 946 2024 etin
968 1947 1115 2020 Ecclesia
1186 1981 1189 1988 ⁴

15 2035 203 2128 Christipap
247 2036 343 2104 obata
368 2034 534 2128 symbola,
566 2036 746 2105 Nicaenum
779 2032 1134 2122 eterltlranasianum,

12 2135 82 2187 tum
106 2059 246 2213 quoadl
244 2119 361 2204 verba,
397 2137 466 2189 tum
489 2120 598 2220 quoad
628 2119 838 2197 sententiam,
866 2119 1043 2212 repudiant
1064 2137 1117 2189 at·
1185 2137 1191 2142 “

11 2229 77 2298 que
100 2205 328 2273 condemnante
373 2207 474 2292 Quod
495 2203 595 2290 tidem
618 2203 770 2272 haeretici
792 2219 949 2286 asserunt,
972 2229 1038 2272 non
1061 2229 1116 2283 es·
1203 2265 1206 2270 .
1320 2251 1325 2262 ι

11 2315 47 2358 se
77 2288 207 2358 unicam
243 2305 369 2357 tantum
402 2305 567 2358 aeternam
599 2289 742 2376 divinam
771 2289 960 2369 essentiam,
992 2286 1130 2373 Patris,-
1223 2305 1226 2314 “

9 2373 89 2443 Filii
115 2391 146 2442 et
167 2371 309 2467 Spiritus
330 2377 453 2452 sancti,
477 2375 553 2454 sed,
575 2389 612 2442 ut
633 2375 696 2442 t'res
729 2388 806 2440 sunt
835 2371 1004 2445 distinctae
1035 2374 1116 2442 Tri·
1142 2421 1144 2432 ι

9 2458 123 2528 nitatis
145 2483 322 2559 personae,
345 2457 509 2547 (videlicet
530 2461 620 2526 Deus
644 2450 774 2541 Pater,
790 2455 895 2526 Filius
920 2474 951 2526 et
972 2459 1116 2612 Spiritus

10 2560 159 2628 sanetus)
181 2560 227 2613 rta
251 2559 349 2612 etnam
371 2567 636 2636 unamquamque
658 2560 832 2636 personam
854 2538 974 2612 habere
1020 2545 1129 2622 istiu-s

9 2646 117 2713 ctam,
146 2645 178 2698 et
202 2629 242 2701 ab
265 2627 342 2698 aliis
372 2628 522 2723 personis
552 2642 745 2720 separatam
765 2629 948 2698 essentiam.
990 2633 1036 2698 Et
1057 2629 1118 2698 alii

9 2717 156 2803 tingunt,
178 2729 242 2782 tres
261 2713 336 2782 illas
358 2721 525 2808 separatas
544 2710 699 2782 essentias
723 2717 775 2798 (ut
800 2711 881 2796 alias
906 2729 970 2781 tres
994 2713 1117 2782 distin-
1216 2725 1221 2732 ’

8 2815 85 2871 ctos
107 2815 142 2874 et.
160 2799 203 2866 in'
217 2798 366 2868 essentiis
388 2799 458 2868 s‘uis
488 2801 655 2890 s'eparatos
677 2796 1023 2888 hominespejusdtm
1045 2801 1116 2870 'esse
1194 2799 1196 2807 ’
1285 2861 1293 2873 .

8 2885 198 2982 potentiae,
242 2885 435 2984 sapientiae,
469 2885 661 2973 {majestatis
697 2898 729 2951 et
765 2880 922 2972 gloriaer
949 2883 1009 2953 alii
1037 2909 1117 2954 vero
1205 2949 1209 2954 .

10 2969 176 3050 sentiunt,
198 2984 262 3037 tres
282 2965 355 3037 rllas
376 2991 553 3060 personas,
574 2966 702 3039 ratione
725 2965 885 3058 esseutiae
908 2983 942 3038 et
962 2969 1117 3065 proprie·
1146 2986 1150 2996 ’

9 3071 138 3138 tatum,
160 3077 227 3123 non
250 3067 326 3122 esse
340 3052 505 3148 aequales.
619 3127 623 3140 ¹
985 3065 1018 3116 .’
1060 3085 1062 3090 s

99 3159 160 3242 11.'
185 3171 286 3259 Quod
307 3169 395 3242 solus
415 3175 514 3257 Pater
533 3171 578 3242 sit
599 3173 696 3244 'verus
717 3176 832 3244 Deus*

100 3311 168 3378 Hos
191 3299 303 3376 omnes
324 3305 484 3381 articulos*
502 3307 623 3394 simul,
653 3309 733 3391 etsi
755 3303 837 3401 qnid
850 3352 851 3358 κ
864 3333 938 3377 cum
967 3307 1035 3378 illis
1058 3333 1116 3377 co-

10 3393 146 3476 haeret,
176 3408 234 3461 aut
258 3393 375 3460 exiis
399 3393 631 3486 consequitur,
664 3393 889 3488 rejicimnsqat
916 3418 956 3462 ue
977 3394 1117 3462 damna-

10 3503 109 3560 mus,
138 3495 175 3547 ut
206 3477 327 3560 falsos,
361 3477 504 3571 impios,
535 3477 733 3562 haereticos,
765 3479 866 3547 verbo
933 3479 978 3562 ei,
1012 3478 1147 3556 tribus·
1260 3547 1262 3552 ,

10 3563 205 3657 approbatis
227 3563 404 3652 symbolis,
435 3569 646 3651 Augustanae
678 3561 885 3634 Confessioni
905 3565 1117 3664 ejusdcmque
1176 3627 1178 3634 ,

11 3646 217 3742 Apologiae,
238 3644 461 3718 Smalcaldicis
483 3649 647 3732 articulis,
677 3665 708 3720 et
737 3647 952 3727 Cateclrismrs
981 3647 1118 3718 Lutheri

11 3749 242 3825 repugnantes.
285 3738 331 3803 Et
351 3732 526 3823 hortamur¹
546 3759 658 3804 omnes
681 3735 752 3827 pias
773 3751 907 3816 mentes,
928 3751 965 3803 ut
978 3732 1037 3802 hos
1061 3761 1118 3802 er·
1170 3817 1173 3825 Ι

12 3845 107 3890 rores
122 3817 258 3974 lqgiant
279 3833 311 3888 et
331 3818 547 3904 detestentur,
585 3819 733 3888 simodo
763 3818 843 3914 ipsis
867 3819 1000 3888 animae
1030 3817 1118 3887 salus

13 3921 66 3974 est
86 3931 150 3980 cor,
166 3932 187 3972 ι.
256 3953 260 3961 ·
290 3942 292 3948 v

91 4026 128 4089 ln
150 4039 321 4116 conspectu
343 4020 445 4112 igitur
467 4020 534 4090 Dei
558 4021 812 4114 omnipotentis,
842 4040 874 4092 et
890 4047 1017 4092 ¹coram
1048 4037 1118 4092 tota
1161 4035 1169 4042 ’

14 4104 163 4180 Ecclesia
186 4105 325 4189 Christi,
347 4131 430 4201 quae
451 4131 537 4176 nuuc
559 4122 617 4190 cst,
638 4123 670 4175 et
691 4132 775 4198 quae
797 4107 977 4202 aliquando
996 4105 1032 4176 in
1051 4131 1118 4200 po·
1202 4113 1209 4152 ¹

16 4195 162 4291 steritate
184 4191 267 4276 erit,
287 4190 373 4262 dara
395 4216 472 4260 voce
489 4205 524 4289 et
557 4189 677 4262 diserte
699 4207 875 4262 testamur:
897 4192 988 4286 quod
1008 4190 1119 4292 decla-
1196 4207 1199 4214 '

16 4293 102 4351 rutro
123 4274 183 4346 illa
210 4277 391 4371 nostrate
414 4275 570 4356 omnthus
599 4276 865 4354 commemoratis
901 4293 1118 4365 sonusversrs
