<?xml version="1.0" encoding="UTF-8"?>
<!DOCTYPE html PUBLIC "-//W3C//DTD XHTML 1.0 Transitional//EN"
    "http://www.w3.org/TR/xhtml1/DTD/xhtml1-transitional.dtd">
<html xmlns="http://www.w3.org/1999/xhtml" xml:lang="en" lang="en">
 <head>
  <title>
</title>
<meta http-equiv="Content-Type" content="text/html;charset=utf-8" />
  <meta name='ocr-system' content='tesseract 3.04.00' />
  <meta name='ocr-capabilities' content='ocr_page ocr_carea ocr_par ocr_line ocrx_word'/>
</head>
<body>
  <div class='ocr_page' id='page_1' title='image "./librisymbolicie03churgoog/librisymbolicie03churgoog_0147.png"; bbox 0 0 2618 4902; ppageno 0'>
   <div class='ocr_carea' id='block_1_1' title="bbox 118 1705 753 1808">
    <p class='ocr_par' dir='ltr' id='par_1_1' title="bbox 118 1705 753 1808">
     <span class='ocr_line' id='line_1_1' title="bbox 118 1705 753 1808; baseline 0.017 -44"><span class='ocrx_word' id='word_1_1' title='bbox 118 1750 120 1764; x_wconf 90' lang='lat'><em>.</em></span> <span class='ocrx_word' id='word_1_2' title='bbox 204 1709 232 1774; x_wconf 73' lang='grc'><strong>.,·’</strong></span> <span class='ocrx_word' id='word_1_3' title='bbox 246 1723 302 1792; x_wconf 77' lang='lat' dir='ltr'><strong>tur</strong></span> <span class='ocrx_word' id='word_1_4' title='bbox 317 1734 392 1783; x_wconf 88' lang='lat' dir='ltr'><strong>cum</strong></span> <span class='ocrx_word' id='word_1_5' title='bbox 407 1707 461 1776; x_wconf 90' lang='lat' dir='ltr'><strong>his</strong></span> <span class='ocrx_word' id='word_1_6' title='bbox 478 1705 593 1792; x_wconf 89' lang='lat' dir='ltr'><strong>rebus,</strong></span> <span class='ocrx_word' id='word_1_7' title='bbox 623 1707 753 1808; x_wconf 77' lang='lat' dir='ltr'><strong>quaeri</strong></span> 
     </span>
    </p>
   </div>
   <div class='ocr_carea' id='block_1_2' title="bbox 170 287 973 442">
    <p class='ocr_par' dir='ltr' id='par_1_2' title="bbox 170 287 973 442">
     <span class='ocr_line' id='line_1_2' title="bbox 170 287 973 442; baseline -0.006 -30"><span class='ocrx_word' id='word_1_8' title='bbox 170 435 172 442; x_wconf 28' lang='grc' dir='ltr'>Ι</span> <span class='ocrx_word' id='word_1_9' title='bbox 259 311 331 422; x_wconf 66' lang='lat' dir='ltr'><strong>tal}</strong></span> <span class='ocrx_word' id='word_1_10' title='bbox 411 288 414 296; x_wconf 66' lang='lat'><em>‹</em></span> <span class='ocrx_word' id='word_1_11' title='bbox 483 287 488 314; x_wconf 37' lang='lat' dir='ltr'><strong>i</strong></span> <span class='ocrx_word' id='word_1_12' title='bbox 716 303 898 438; x_wconf 70' lang='lat' dir='ltr'><strong>Apologia</strong></span> <span class='ocrx_word' id='word_1_13' title='bbox 969 380 973 391; x_wconf 88' lang='lat'>.</span> 
     </span>
    </p>
   </div>
   <div class='ocr_carea' id='block_1_3' title="bbox 155 501 1263 4354">
    <p class='ocr_par' dir='ltr' id='par_1_3' title="bbox 155 501 1263 4354">
     <span class='ocr_line' id='line_1_3' title="bbox 253 501 1263 618; baseline -0.005 -32"><span class='ocrx_word' id='word_1_14' title='bbox 253 541 312 591; x_wconf 89' lang='lat' dir='ltr'><strong>nes</strong></span> <span class='ocrx_word' id='word_1_15' title='bbox 325 501 431 586; x_wconf 66' lang='lat' dir='ltr'><strong>cenum¹</strong></span> <span class='ocrx_word' id='word_1_16' title='bbox 444 537 564 618; x_wconf 79' lang='lat' dir='ltr'><strong>corpus</strong></span> <span class='ocrx_word' id='word_1_17' title='bbox 579 539 694 610; x_wconf 76' lang='lat' dir='ltr'><strong>sumus</strong></span> <span class='ocrx_word' id='word_1_18' title='bbox 708 516 743 586; x_wconf 89' lang='lat' dir='ltr'><strong>in</strong></span> <span class='ocrx_word' id='word_1_19' title='bbox 763 513 916 604; x_wconf 79' lang='lat' dir='ltr'><strong>Christo,</strong></span> <span class='ocrx_word' id='word_1_20' title='bbox 938 515 1017 610; x_wconf 88' lang='lat' dir='ltr'><strong>quia</strong></span> <span class='ocrx_word' id='word_1_21' title='bbox 1037 510 1097 597; x_wconf 79' lang='lat' dir='ltr'><strong>etsi</strong></span> <span class='ocrx_word' id='word_1_22' title='bbox 1114 515 1263 587; x_wconf 76' lang='lat' dir='ltr'><strong>multisunt</strong></span> 
     </span>
     <span class='ocr_line' id='line_1_4' title="bbox 253 599 1263 696; baseline -0.004 -24"><span class='ocrx_word' id='word_1_23' title='bbox 253 627 356 676; x_wconf 86' lang='lat' dir='ltr'><strong>unum</strong></span> <span class='ocrx_word' id='word_1_24' title='bbox 371 618 481 674; x_wconf 81' lang='lat' dir='ltr'><strong>tamen</strong></span> <span class='ocrx_word' id='word_1_25' title='bbox 497 627 533 670; x_wconf 91' lang='lat' dir='ltr'><strong>m</strong></span> <span class='ocrx_word' id='word_1_26' title='bbox 548 625 587 670; x_wconf 92' lang='lat' dir='ltr'><strong>eo</strong></span> <span class='ocrx_word' id='word_1_27' title='bbox 602 626 726 670; x_wconf 88' lang='lat' dir='ltr'><strong>sumus.</strong></span> <span class='ocrx_word' id='word_1_28' title='bbox 770 603 897 672; x_wconf 83' lang='lat' dir='ltr'><strong>Omnes</strong></span> <span class='ocrx_word' id='word_1_29' title='bbox 916 602 1005 672; x_wconf 89' lang='lat' dir='ltr'><strong>enim</strong></span> <span class='ocrx_word' id='word_1_30' title='bbox 1021 627 1088 672; x_wconf 93' lang='lat' dir='ltr'><strong>uno</strong></span> <span class='ocrx_word' id='word_1_31' title='bbox 1111 627 1186 696; x_wconf 86' lang='lat' dir='ltr'><strong>pane</strong></span> <span class='ocrx_word' id='word_1_32' title='bbox 1222 599 1263 668; x_wconf 85' lang='lat' dir='ltr'><strong>arti</strong></span> 
     </span>
     <span class='ocr_line' id='line_1_5' title="bbox 252 627 1263 787; baseline -0.006 -29"><span class='ocrx_word' id='word_1_33' title='bbox 252 711 383 787; x_wconf 67' lang='lat' dir='ltr'><strong>pamas.</strong></span> <span class='ocrx_word' id='word_1_34' title='bbox 408 691 479 785; x_wconf 33' lang='lat' dir='ltr'><strong>&#39;An</strong></span> <span class='ocrx_word' id='word_1_35' title='bbox 492 685 630 757; x_wconf 85' lang='lat' dir='ltr'><strong>sortasse</strong></span> <span class='ocrx_word' id='word_1_36' title='bbox 644 703 738 780; x_wconf 89' lang='lat' dir='ltr'><strong>putat</strong></span> <span class='ocrx_word' id='word_1_37' title='bbox 752 686 898 779; x_wconf 84' lang='lat' dir='ltr'><strong>ignotam</strong></span> <span class='ocrx_word' id='word_1_38' title='bbox 920 685 1016 758; x_wconf 87' lang='lat' dir='ltr'><strong>nobis</strong></span> <span class='ocrx_word' id='word_1_39' title='bbox 1040 687 1184 779; x_wconf 78' lang='lat' dir='ltr'><strong>mysticae</strong></span> <span class='ocrx_word' id='word_1_40' title='bbox 1202 627 1263 754; x_wconf 80' lang='lat' dir='ltr'><strong>dead</strong></span> 
     </span>
     <span class='ocr_line' id='line_1_6' title="bbox 252 769 1238 866; baseline -0.005 -24"><span class='ocrx_word' id='word_1_41' title='bbox 252 789 371 845; x_wconf 78' lang='lat' dir='ltr'><strong>cannis</strong></span> <span class='ocrx_word' id='word_1_42' title='bbox 385 788 541 842; x_wconf 79' lang='lat' dir='ltr'><strong>virtutem</strong></span> <span class='ocrx_word' id='word_1_43' title='bbox 557 779 648 842; x_wconf 74' lang='lat' dir='ltr'><strong>esse?</strong></span> <span class='ocrx_word' id='word_1_44' title='bbox 680 796 764 866; x_wconf 85' lang='lat' dir='ltr'><strong>quae</strong></span> <span class='ocrx_word' id='word_1_45' title='bbox 778 799 852 842; x_wconf 90' lang='lat' dir='ltr'><strong>cum</strong></span> <span class='ocrx_word' id='word_1_46' title='bbox 869 771 904 842; x_wconf 90' lang='lat' dir='ltr'><strong>in</strong></span> <span class='ocrx_word' id='word_1_47' title='bbox 918 769 1013 842; x_wconf 86' lang='lat' dir='ltr'><strong>nohis</strong></span> <span class='ocrx_word' id='word_1_48' title='bbox 1029 772 1081 854; x_wconf 86' lang='lat' dir='ltr'><strong>fit,</strong></span> <span class='ocrx_word' id='word_1_49' title='bbox 1107 797 1202 840; x_wconf 88' lang='lat' dir='ltr'><strong>nonne</strong></span> <span class='ocrx_word' id='word_1_50' title='bbox 1212 797 1238 838; x_wconf 87' lang='lat' dir='ltr'><strong>co</strong></span> 
     </span>
     <span class='ocr_line' id='line_1_7' title="bbox 183 795 1263 952; baseline -0.005 -26"><span class='ocrx_word' id='word_1_51' title='bbox 183 898 185 907; x_wconf 48' lang='grc' dir='ltr'>ι</span> <span class='ocrx_word' id='word_1_52' title='bbox 251 855 445 952; x_wconf 81' lang='lat' dir='ltr'><strong>taliterque</strong></span> <span class='ocrx_word' id='word_1_53' title='bbox 470 854 624 938; x_wconf 16' lang='lat' dir='ltr'><strong>uerterit,</strong></span> <span class='ocrx_word' id='word_1_54' title='bbox 650 855 939 928; x_wconf 79' lang='lat' dir='ltr'><strong>communicatione</strong></span> <span class='ocrx_word' id='word_1_55' title='bbox 956 857 1062 928; x_wconf 87' lang='lat' dir='ltr'><strong>carnis</strong></span> <span class='ocrx_word' id='word_1_56' title='bbox 1077 855 1208 938; x_wconf 81' lang='lat' dir='ltr'><strong>Christi,</strong></span> <span class='ocrx_word' id='word_1_57' title='bbox 1226 795 1263 922; x_wconf 70' lang='lat' dir='ltr'><strong>dd</strong></span> 
     </span>
     <span class='ocr_line' id='line_1_8' title="bbox 251 882 1263 1037; baseline -0.009 -25"><span class='ocrx_word' id='word_1_58' title='bbox 251 957 342 1012; x_wconf 87' lang='lat' dir='ltr'><strong>stum</strong></span> <span class='ocrx_word' id='word_1_59' title='bbox 357 941 393 1010; x_wconf 90' lang='lat' dir='ltr'><strong>in</strong></span> <span class='ocrx_word' id='word_1_60' title='bbox 408 882 689 1036; x_wconf 78' lang='lat' dir='ltr'><strong>nohishahitare?</strong></span> <span class='ocrx_word' id='word_1_61' title='bbox 731 947 776 1012; x_wconf 86' lang='lat' dir='ltr'><strong>Et</strong></span> <span class='ocrx_word' id='word_1_62' title='bbox 790 941 889 1036; x_wconf 86' lang='lat' dir='ltr'><strong>paulo</strong></span> <span class='ocrx_word' id='word_1_63' title='bbox 907 958 998 1037; x_wconf 83' lang='lat' dir='ltr'><strong>post:</strong></span> <span class='ocrx_word' id='word_1_64' title='bbox 1030 942 1118 1012; x_wconf 87' lang='lat' dir='ltr'><strong>unde</strong></span> <span class='ocrx_word' id='word_1_65' title='bbox 1138 940 1263 1012; x_wconf 83' lang='lat' dir='ltr'><strong>considera</strong></span> 
     </span>
     <span class='ocr_line' id='line_1_9' title="bbox 251 1023 1263 1122; baseline -0.01 -24"><span class='ocrx_word' id='word_1_66' title='bbox 251 1025 332 1098; x_wconf 86' lang='lat' dir='ltr'><strong>dum</strong></span> <span class='ocrx_word' id='word_1_67' title='bbox 347 1043 415 1110; x_wconf 83' lang='lat' dir='ltr'><strong>est,</strong></span> <span class='ocrx_word' id='word_1_68' title='bbox 446 1053 513 1096; x_wconf 90' lang='lat' dir='ltr'><strong>non</strong></span> <span class='ocrx_word' id='word_1_69' title='bbox 528 1023 719 1102; x_wconf 79' lang='lat' dir='ltr'><strong>habitudine</strong></span> <span class='ocrx_word' id='word_1_70' title='bbox 733 1025 860 1112; x_wconf 82' lang='lat' dir='ltr'><strong>sohrnr,</strong></span> <span class='ocrx_word' id='word_1_71' title='bbox 892 1053 976 1122; x_wconf 88' lang='lat' dir='ltr'><strong>quae</strong></span> <span class='ocrx_word' id='word_1_72' title='bbox 995 1053 1054 1122; x_wconf 90' lang='lat' dir='ltr'><strong>per</strong></span> <span class='ocrx_word' id='word_1_73' title='bbox 1069 1025 1220 1096; x_wconf 84' lang='lat' dir='ltr'><strong>caritatem</strong></span> <span class='ocrx_word' id='word_1_74' title='bbox 1229 1023 1263 1090; x_wconf 83' lang='lat' dir='ltr'><strong>intr</strong></span> 
     </span>
     <span class='ocr_line' id='line_1_10' title="bbox 249 1106 1263 1211; baseline -0.008 -31"><span class='ocrx_word' id='word_1_75' title='bbox 249 1109 382 1211; x_wconf 78' lang='lat' dir='ltr'><strong>ligitur,</strong></span> <span class='ocrx_word' id='word_1_76' title='bbox 416 1109 586 1182; x_wconf 83' lang='lat' dir='ltr'><strong>Christum</strong></span> <span class='ocrx_word' id='word_1_77' title='bbox 609 1110 645 1180; x_wconf 89' lang='lat' dir='ltr'><strong>in</strong></span> <span class='ocrx_word' id='word_1_78' title='bbox 664 1111 758 1182; x_wconf 88' lang='lat' dir='ltr'><strong>nohis</strong></span> <span class='ocrx_word' id='word_1_79' title='bbox 781 1137 869 1196; x_wconf 88' lang='lat' dir='ltr'><strong>csse,</strong></span> <span class='ocrx_word' id='word_1_80' title='bbox 899 1138 1014 1182; x_wconf 87' lang='lat' dir='ltr'><strong>verum</strong></span> <span class='ocrx_word' id='word_1_81' title='bbox 1037 1109 1138 1183; x_wconf 87' lang='lat' dir='ltr'><strong>etiam</strong></span> <span class='ocrx_word' id='word_1_82' title='bbox 1166 1106 1263 1206; x_wconf 80' lang='lat' dir='ltr'><strong>particip</strong></span> 
     </span>
     <span class='ocr_line' id='line_1_11' title="bbox 213 1193 1263 1286; baseline -0.005 -22"><span class='ocrx_word' id='word_1_83' title='bbox 213 1254 217 1262; x_wconf 88' lang='grc'><em>,</em></span> <span class='ocrx_word' id='word_1_84' title='bbox 250 1205 338 1272; x_wconf 78' lang='lat' dir='ltr'><strong>tione</strong></span> <span class='ocrx_word' id='word_1_85' title='bbox 353 1196 523 1286; x_wconf 81' lang='lat' dir='ltr'><strong>naturali,¹</strong></span> <span class='ocrx_word' id='word_1_86' title='bbox 543 1213 601 1270; x_wconf 86' lang='lat' dir='ltr'><strong>etc.</strong></span> <span class='ocrx_word' id='word_1_87' title='bbox 626 1231 629 1240; x_wconf 91' lang='lat'><em>·</em></span> <span class='ocrx_word' id='word_1_88' title='bbox 646 1201 735 1268; x_wconf 87' lang='lat' dir='ltr'><strong>Haec</strong></span> <span class='ocrx_word' id='word_1_89' title='bbox 751 1197 977 1281; x_wconf 77' lang='lat' dir='ltr'><strong>recitavimus,</strong></span> <span class='ocrx_word' id='word_1_90' title='bbox 998 1222 1066 1267; x_wconf 91' lang='lat' dir='ltr'><strong>non</strong></span> <span class='ocrx_word' id='word_1_91' title='bbox 1079 1214 1116 1266; x_wconf 89' lang='lat' dir='ltr'><strong>ut</strong></span> <span class='ocrx_word' id='word_1_92' title='bbox 1131 1193 1181 1267; x_wconf 90' lang='lat' dir='ltr'><strong>hic</strong></span> <span class='ocrx_word' id='word_1_93' title='bbox 1191 1195 1263 1285; x_wconf 83' lang='lat' dir='ltr'><strong>disput</strong></span> 
     </span>
     <span class='ocr_line' id='line_1_12' title="bbox 250 1275 1263 1376; baseline -0.012 -23"><span class='ocrx_word' id='word_1_94' title='bbox 250 1281 378 1353; x_wconf 87' lang='lat' dir='ltr'><strong>tionem</strong></span> <span class='ocrx_word' id='word_1_95' title='bbox 391 1277 431 1352; x_wconf 91' lang='lat' dir='ltr'><strong>de</strong></span> <span class='ocrx_word' id='word_1_96' title='bbox 444 1282 505 1352; x_wconf 89' lang='lat' dir='ltr'><strong>hac</strong></span> <span class='ocrx_word' id='word_1_97' title='bbox 527 1308 563 1351; x_wconf 91' lang='lat' dir='ltr'><strong>re</strong></span> <span class='ocrx_word' id='word_1_98' title='bbox 578 1281 837 1367; x_wconf 79' lang='lat' dir='ltr'><strong>institueremus,</strong></span> <span class='ocrx_word' id='word_1_99' title='bbox 868 1308 936 1354; x_wconf 88' lang='lat' dir='ltr'><strong>non</strong></span> <span class='ocrx_word' id='word_1_100' title='bbox 963 1282 1050 1356; x_wconf 90' lang='lat' dir='ltr'><strong>enim</strong></span> <span class='ocrx_word' id='word_1_101' title='bbox 1073 1279 1223 1376; x_wconf 87' lang='lat' dir='ltr'><strong>improbat</strong></span> <span class='ocrx_word' id='word_1_102' title='bbox 1239 1275 1263 1344; x_wconf 85' lang='lat' dir='ltr'><strong>hu</strong></span> 
     </span>
     <span class='ocr_line' id='line_1_13' title="bbox 248 1363 1263 1465; baseline -0.012 -29"><span class='ocrx_word' id='word_1_103' title='bbox 248 1365 421 1437; x_wconf 82' lang='lat' dir='ltr'><strong>articidum</strong></span> <span class='ocrx_word' id='word_1_104' title='bbox 437 1369 533 1437; x_wconf 86' lang='lat' dir='ltr'><strong>Caes.</strong></span> <span class='ocrx_word' id='word_1_105' title='bbox 549 1369 698 1459; x_wconf 88' lang='lat' dir='ltr'><strong>Majest.,</strong></span> <span class='ocrx_word' id='word_1_106' title='bbox 728 1369 786 1446; x_wconf 89' lang='lat' dir='ltr'><strong>sed</strong></span> <span class='ocrx_word' id='word_1_107' title='bbox 801 1385 837 1436; x_wconf 90' lang='lat' dir='ltr'><strong>ut</strong></span> <span class='ocrx_word' id='word_1_108' title='bbox 856 1367 977 1438; x_wconf 88' lang='lat' dir='ltr'><strong>clarius</strong></span> <span class='ocrx_word' id='word_1_109' title='bbox 994 1366 1092 1438; x_wconf 88' lang='lat' dir='ltr'><strong>ctiam</strong></span> <span class='ocrx_word' id='word_1_110' title='bbox 1116 1363 1263 1465; x_wconf 74' lang='lat' dir='ltr'><strong>perspiceret</strong></span> 
     </span>
     <span class='ocr_line' id='line_1_14' title="bbox 249 1449 1263 1554; baseline -0.008 -31"><span class='ocrx_word' id='word_1_111' title='bbox 249 1453 434 1551; x_wconf 79' lang='lat' dir='ltr'><strong>quicunque</strong></span> <span class='ocrx_word' id='word_1_112' title='bbox 447 1451 512 1550; x_wconf 71' lang='lat' dir='ltr'><strong>ista</strong></span> <span class='ocrx_word' id='word_1_113' title='bbox 526 1450 658 1546; x_wconf 76' lang='lat' dir='ltr'><strong>legent,</strong></span> <span class='ocrx_word' id='word_1_114' title='bbox 680 1477 740 1522; x_wconf 88' lang='lat' dir='ltr'><strong>nos</strong></span> <span class='ocrx_word' id='word_1_115' title='bbox 766 1452 937 1523; x_wconf 80' lang='lat' dir='ltr'><strong>defendere</strong></span> <span class='ocrx_word' id='word_1_116' title='bbox 952 1468 1115 1554; x_wconf 78' lang='lat' dir='ltr'><strong>receptam</strong></span> <span class='ocrx_word' id='word_1_117' title='bbox 1139 1451 1234 1518; x_wconf 86' lang='lat' dir='ltr'><strong>intuta</strong></span> <span class='ocrx_word' id='word_1_118' title='bbox 1249 1449 1263 1510; x_wconf 81' lang='lat' dir='ltr'><strong>h</strong></span> 
     </span>
     <span class='ocr_line' id='line_1_15' title="bbox 249 1531 1263 1638; baseline -0.009 -32"><span class='ocrx_word' id='word_1_119' title='bbox 249 1537 352 1638; x_wconf 63' lang='lat' dir='ltr'><strong>edessa</strong></span> <span class='ocrx_word' id='word_1_120' title='bbox 367 1553 582 1621; x_wconf 81' lang='lat' dir='ltr'><strong>sententiam,</strong></span> <span class='ocrx_word' id='word_1_121' title='bbox 608 1531 699 1632; x_wconf 87' lang='lat' dir='ltr'><strong>quod</strong></span> <span class='ocrx_word' id='word_1_122' title='bbox 715 1536 750 1606; x_wconf 93' lang='lat' dir='ltr'><strong>in</strong></span> <span class='ocrx_word' id='word_1_123' title='bbox 767 1539 879 1608; x_wconf 88' lang='lat' dir='ltr'><strong>Coena</strong></span> <span class='ocrx_word' id='word_1_124' title='bbox 892 1539 1029 1609; x_wconf 79' lang='lat' dir='ltr'><strong>Domini</strong></span> <span class='ocrx_word' id='word_1_125' title='bbox 1049 1563 1125 1612; x_wconf 71' lang='lat' dir='ltr'><strong>¹arcere</strong></span> <span class='ocrx_word' id='word_1_126' title='bbox 1148 1553 1177 1604; x_wconf 91' lang='lat' dir='ltr'><strong>et</strong></span> <span class='ocrx_word' id='word_1_127' title='bbox 1190 1533 1263 1602; x_wconf 80' lang='lat' dir='ltr'><strong>subsu</strong></span> 
     </span>
     <span class='ocr_line' id='line_1_16' title="bbox 246 1615 1263 1776; baseline -0.01 -86"><span class='ocrx_word' id='word_1_128' title='bbox 246 1621 370 1704; x_wconf 76' lang='lat' dir='ltr'><strong>tralrter</strong></span> <span class='ocrx_word' id='word_1_129' title='bbox 385 1622 493 1694; x_wconf 79' lang='lat' dir='ltr'><strong>&#39;adsint</strong></span> <span class='ocrx_word' id='word_1_130' title='bbox 506 1648 626 1716; x_wconf 90' lang='lat' dir='ltr'><strong>corpus</strong></span> <span class='ocrx_word' id='word_1_131' title='bbox 647 1622 829 1776; x_wconf 55' lang='lat' dir='ltr'><strong>etsanfiuis</strong></span> <span class='ocrx_word' id='word_1_132' title='bbox 845 1621 988 1707; x_wconf 84' lang='lat' dir='ltr'><strong>Christi,</strong></span> <span class='ocrx_word' id='word_1_133' title='bbox 1018 1638 1050 1695; x_wconf 83' lang='lat' dir='ltr'><strong>et</strong></span> <span class='ocrx_word' id='word_1_134' title='bbox 1071 1649 1148 1692; x_wconf 90' lang='lat' dir='ltr'><strong>vere</strong></span> <span class='ocrx_word' id='word_1_135' title='bbox 1169 1615 1263 1704; x_wconf 79' lang='lat' dir='ltr'><strong>exhibea</strong></span> 
     </span>
     <span class='ocr_line' id='line_1_17' title="bbox 776 1701 1263 1804; baseline -0.016 -28"><span class='ocrx_word' id='word_1_136' title='bbox 776 1724 892 1790; x_wconf 91' lang='lat' dir='ltr'><strong>entur,</strong></span> <span class='ocrx_word' id='word_1_137' title='bbox 914 1733 997 1804; x_wconf 86' lang='lat' dir='ltr'><strong>pane</strong></span> <span class='ocrx_word' id='word_1_138' title='bbox 1013 1723 1047 1778; x_wconf 88' lang='lat' dir='ltr'><strong>et</strong></span> <span class='ocrx_word' id='word_1_139' title='bbox 1063 1705 1159 1798; x_wconf 75' lang='lat' dir='ltr'><strong>vino,</strong></span> <span class='ocrx_word' id='word_1_140' title='bbox 1185 1701 1263 1790; x_wconf 81' lang='lat' dir='ltr'><strong>ettrqu</strong></span> 
     </span>
     <span class='ocr_line' id='line_1_18' title="bbox 245 1787 1263 1892; baseline -0.011 -28"><span class='ocrx_word' id='word_1_141' title='bbox 245 1818 322 1892; x_wconf 77' lang='lat' dir='ltr'><strong>mur</strong></span> <span class='ocrx_word' id='word_1_142' title='bbox 344 1791 582 1884; x_wconf 80' lang='lat' dir='ltr'><strong>depraesentia</strong></span> <span class='ocrx_word' id='word_1_143' title='bbox 602 1790 668 1861; x_wconf 81' lang='lat' dir='ltr'><strong>vivi</strong></span> <span class='ocrx_word' id='word_1_144' title='bbox 691 1791 831 1863; x_wconf 87' lang='lat' dir='ltr'><strong>Christi:</strong></span> <span class='ocrx_word' id='word_1_145' title='bbox 866 1793 985 1865; x_wconf 90' lang='lat' dir='ltr'><strong>scimus</strong></span> <span class='ocrx_word' id='word_1_146' title='bbox 1008 1789 1116 1882; x_wconf 79' lang='lat' dir='ltr'><strong>enim,</strong></span> <span class='ocrx_word' id='word_1_147' title='bbox 1147 1787 1223 1884; x_wconf 87' lang='lat' dir='ltr'><strong>quod</strong></span> <span class='ocrx_word' id='word_1_148' title='bbox 1237 1806 1263 1852; x_wconf 81' lang='lat' dir='ltr'><strong>ut</strong></span> 
     </span>
     <span class='ocr_line' id='line_1_19' title="bbox 244 1875 1249 1964; baseline 0 -18"><span class='ocrx_word' id='word_1_149' title='bbox 244 1903 277 1962; x_wconf 81' lang='lat' dir='ltr'><strong>er</strong></span> <span class='ocrx_word' id='word_1_150' title='bbox 290 1875 377 1946; x_wconf 87' lang='lat' dir='ltr'><strong>ultra</strong></span> <span class='ocrx_word' id='word_1_151' title='bbox 394 1901 462 1951; x_wconf 84' lang='lat' dir='ltr'><strong>non</strong></span> <span class='ocrx_word' id='word_1_152' title='bbox 480 1875 715 1952; x_wconf 73' lang='lat' dir='ltr'><strong>dominabitur,</strong></span> <span class='ocrx_word' id='word_1_153' title='bbox 1245 1951 1249 1964; x_wconf 55' lang='grc'>,</span> 
     </span>
     <span class='ocr_line' id='line_1_20' title="bbox 246 1953 1263 2063; baseline -0.011 -33"><span class='ocrx_word' id='word_1_154' title='bbox 246 2045 256 2063; x_wconf 46' lang='lat'><strong>·</strong></span> <span class='ocrx_word' id='word_1_155' title='bbox 332 1961 604 2060; x_wconf 64' lang='lat' dir='ltr'><strong>nantelmus</strong></span> <span class='ocrx_word' id='word_1_156' title='bbox 622 1963 880 2032; x_wconf 83' lang='lat' dir='ltr'><strong>ARTICULUS</strong></span> <span class='ocrx_word' id='word_1_157' title='bbox 905 1963 945 2032; x_wconf 88' lang='lat' dir='ltr'><strong>de</strong></span> <span class='ocrx_word' id='word_1_158' title='bbox 959 1961 1129 2032; x_wconf 86' lang='lat' dir='ltr'><strong>retinenda</strong></span> <span class='ocrx_word' id='word_1_159' title='bbox 1141 1953 1263 2048; x_wconf 70' lang='lat' dir='ltr'><strong>absoluat</strong></span> 
     </span>
     <span class='ocr_line' id='line_1_21' title="bbox 244 2045 1263 2139; baseline -0.021 -13"><span class='ocrx_word' id='word_1_160' title='bbox 244 2045 440 2136; x_wconf 69' lang='lat' dir='ltr'><strong>ltfflccltsia</strong></span> <span class='ocrx_word' id='word_1_161' title='bbox 480 2047 630 2139; x_wconf 80' lang='lat' dir='ltr'><strong>robatur,</strong></span> <span class='ocrx_word' id='word_1_162' title='bbox 658 2049 715 2118; x_wconf 91' lang='lat' dir='ltr'><strong>sed</strong></span> <span class='ocrx_word' id='word_1_163' title='bbox 734 2047 774 2120; x_wconf 89' lang='lat' dir='ltr'><strong>dc</strong></span> <span class='ocrx_word' id='word_1_164' title='bbox 792 2047 1009 2118; x_wconf 85' lang='lat' dir='ltr'><strong>Confessione</strong></span> <span class='ocrx_word' id='word_1_165' title='bbox 1023 2047 1150 2116; x_wconf 88' lang='lat' dir='ltr'><strong>addunt</strong></span> <span class='ocrx_word' id='word_1_166' title='bbox 1167 2053 1263 2114; x_wconf 78' lang='lat' dir='ltr'><strong>correct</strong></span> 
     </span>
     <span class='ocr_line' id='line_1_22' title="bbox 243 2072 1263 2215; baseline -0.005 -16"><span class='ocrx_word' id='word_1_167' title='bbox 243 2154 347 2212; x_wconf 79' lang='lat' dir='ltr'><strong>nem,</strong></span> <span class='ocrx_word' id='word_1_168' title='bbox 379 2072 558 2215; x_wconf 76' lang='lat' dir='ltr'><strong>nideiicet,</strong></span> <span class='ocrx_word' id='word_1_169' title='bbox 606 2131 842 2212; x_wconf 84' lang='lat' dir='ltr'><strong>observandam</strong></span> <span class='ocrx_word' id='word_1_170' title='bbox 874 2159 944 2204; x_wconf 91' lang='lat' dir='ltr'><strong>esse</strong></span> <span class='ocrx_word' id='word_1_171' title='bbox 974 2131 1227 2202; x_wconf 86' lang='lat' dir='ltr'><strong>constitutionem</strong></span> <span class='ocrx_word' id='word_1_172' title='bbox 1245 2141 1263 2208; x_wconf 75' lang='lat' dir='ltr'><strong>tt</strong></span> 
     </span>
     <span class='ocr_line' id='line_1_23' title="bbox 245 2215 1263 2360; baseline -0.007 -73"><span class='ocrx_word' id='word_1_173' title='bbox 245 2215 367 2296; x_wconf 84' lang='lat' dir='ltr'><strong>Omnis</strong></span> <span class='ocrx_word' id='word_1_174' title='bbox 382 2218 571 2311; x_wconf 88' lang='lat' dir='ltr'><strong>utriusque,</strong></span> <span class='ocrx_word' id='word_1_175' title='bbox 605 2234 642 2286; x_wconf 94' lang='lat' dir='ltr'><strong>ut</strong></span> <span class='ocrx_word' id='word_1_176' title='bbox 659 2234 691 2288; x_wconf 87' lang='lat' dir='ltr'><strong>et</strong></span> <span class='ocrx_word' id='word_1_177' title='bbox 706 2215 956 2311; x_wconf 49' lang='lat' dir='ltr'><strong>quotannisvfiat‘</strong></span> <span class='ocrx_word' id='word_1_178' title='bbox 967 2216 1154 2299; x_wconf 86' lang='lat' dir='ltr'><strong>confessio,</strong></span> <span class='ocrx_word' id='word_1_179' title='bbox 1176 2229 1204 2282; x_wconf 90' lang='lat' dir='ltr'><strong>ct</strong></span> <span class='ocrx_word' id='word_1_180' title='bbox 1214 2225 1263 2360; x_wconf 67' lang='lat' dir='ltr'><strong>put</strong></span> 
     </span>
     <span class='ocr_line' id='line_1_24' title="bbox 184 2297 1263 2398; baseline -0.007 -28"><span class='ocrx_word' id='word_1_181' title='bbox 184 2329 186 2340; x_wconf 60' lang='lat'><strong><em>⁴</em></strong></span> <span class='ocrx_word' id='word_1_182' title='bbox 229 2303 293 2372; x_wconf 62' lang='lat' dir='ltr'><strong>&#39;vis</strong></span> <span class='ocrx_word' id='word_1_183' title='bbox 311 2299 423 2373; x_wconf 90' lang='lat' dir='ltr'><strong>omnia</strong></span> <span class='ocrx_word' id='word_1_184' title='bbox 439 2318 571 2398; x_wconf 87' lang='lat' dir='ltr'><strong>peccata</strong></span> <span class='ocrx_word' id='word_1_185' title='bbox 595 2302 781 2382; x_wconf 87' lang='lat' dir='ltr'><strong>enumerari</strong></span> <span class='ocrx_word' id='word_1_186' title='bbox 803 2326 870 2372; x_wconf 90' lang='lat' dir='ltr'><strong>non</strong></span> <span class='ocrx_word' id='word_1_187' title='bbox 891 2319 1032 2397; x_wconf 81' lang='lat' dir='ltr'><strong>queant,</strong></span> <span class='ocrx_word' id='word_1_188' title='bbox 1064 2319 1172 2372; x_wconf 86' lang='lat' dir='ltr'><strong>tamen</strong></span> <span class='ocrx_word' id='word_1_189' title='bbox 1194 2297 1219 2365; x_wconf 84' lang='lat' dir='ltr'><strong>dr</strong></span> <span class='ocrx_word' id='word_1_190' title='bbox 1232 2309 1263 2382; x_wconf 70' lang='lat' dir='ltr'><strong>tgtt</strong></span> 
     </span>
     <span class='ocr_line' id='line_1_25' title="bbox 243 2373 1263 2485; baseline -0.008 -29"><span class='ocrx_word' id='word_1_191' title='bbox 243 2386 323 2458; x_wconf 89' lang='lat' dir='ltr'><strong>tiam</strong></span> <span class='ocrx_word' id='word_1_192' title='bbox 338 2384 558 2485; x_wconf 64' lang='lat' dir='ltr'><strong>adhibendam</strong></span> <span class='ocrx_word' id='word_1_193' title='bbox 574 2412 661 2470; x_wconf 88' lang='lat' dir='ltr'><strong>esse,</strong></span> <span class='ocrx_word' id='word_1_194' title='bbox 692 2403 729 2458; x_wconf 90' lang='lat' dir='ltr'><strong>ut</strong></span> <span class='ocrx_word' id='word_1_195' title='bbox 743 2385 959 2478; x_wconf 78' lang='lat' dir='ltr'><strong>colligantur,</strong></span> <span class='ocrx_word' id='word_1_196' title='bbox 983 2403 1015 2465; x_wconf 86' lang='lat' dir='ltr'><strong>et</strong></span> <span class='ocrx_word' id='word_1_197' title='bbox 1031 2385 1110 2470; x_wconf 81' lang='lat' dir='ltr'><strong>illa,</strong></span> <span class='ocrx_word' id='word_1_198' title='bbox 1141 2373 1263 2479; x_wconf 74' lang='lat' dir='ltr'><strong>quaerdt</strong></span> 
     </span>
     <span class='ocr_line' id='line_1_26' title="bbox 255 2472 1262 2566; baseline -0.015 -26"><span class='ocrx_word' id='word_1_199' title='bbox 255 2499 278 2540; x_wconf 91' lang='lat' dir='ltr'><strong>n</strong></span> <span class='ocrx_word' id='word_1_200' title='bbox 294 2497 486 2554; x_wconf 77' lang='lat' dir='ltr'><strong>memoriam</strong></span> <span class='ocrx_word' id='word_1_201' title='bbox 504 2489 658 2566; x_wconf 81' lang='lat' dir='ltr'><strong>possunt,</strong></span> <span class='ocrx_word' id='word_1_202' title='bbox 678 2482 915 2543; x_wconf 73' lang='lat' dir='ltr'><strong>recenseantur.</strong></span> <span class='ocrx_word' id='word_1_203' title='bbox 957 2474 1009 2542; x_wconf 88' lang='lat' dir='ltr'><strong>Dc</strong></span> <span class='ocrx_word' id='word_1_204' title='bbox 1026 2472 1088 2541; x_wconf 92' lang='lat' dir='ltr'><strong>hoc</strong></span> <span class='ocrx_word' id='word_1_205' title='bbox 1110 2487 1178 2542; x_wconf 91' lang='lat' dir='ltr'><strong>toto</strong></span> <span class='ocrx_word' id='word_1_206' title='bbox 1201 2479 1262 2548; x_wconf 77' lang='lat' dir='ltr'><strong>artu</strong></span> 
     </span>
     <span class='ocr_line' id='line_1_27' title="bbox 183 2499 1262 2657; baseline -0.014 -28"><span class='ocrx_word' id='word_1_207' title='bbox 183 2579 193 2599; x_wconf 72' lang='lat'><strong>⁴·</strong></span> <span class='ocrx_word' id='word_1_208' title='bbox 240 2499 388 2629; x_wconf 57' lang='lat' dir='ltr'><strong>hermus</strong></span> <span class='ocrx_word' id='word_1_209' title='bbox 401 2555 503 2657; x_wconf 86' lang='lat' dir='ltr'><strong>paulo</strong></span> <span class='ocrx_word' id='word_1_210' title='bbox 518 2574 592 2651; x_wconf 87' lang='lat' dir='ltr'><strong>post</strong></span> <span class='ocrx_word' id='word_1_211' title='bbox 613 2553 796 2650; x_wconf 89' lang='lat' dir='ltr'><strong>copiosius,</strong></span> <span class='ocrx_word' id='word_1_212' title='bbox 825 2583 898 2640; x_wconf 80' lang='lat' dir='ltr'><strong>cunr</strong></span> <span class='ocrx_word' id='word_1_213' title='bbox 922 2557 1116 2629; x_wconf 89' lang='lat' dir='ltr'><strong>sententiam</strong></span> <span class='ocrx_word' id='word_1_214' title='bbox 1140 2563 1262 2639; x_wconf 81' lang='lat' dir='ltr'><strong>nostraut</strong></span> 
     </span>
     <span class='ocr_line' id='line_1_28' title="bbox 267 2633 1262 2736; baseline -0.011 -24"><span class='ocrx_word' id='word_1_215' title='bbox 267 2641 443 2712; x_wconf 85' lang='lat' dir='ltr'><strong>oenitentra</strong></span> <span class='ocrx_word' id='word_1_216' title='bbox 469 2658 576 2712; x_wconf 84' lang='lat' dir='ltr'><strong>totam</strong></span> <span class='ocrx_word' id='word_1_217' title='bbox 605 2641 848 2736; x_wconf 64' lang='lat' dir='ltr'><strong>explicabimus.</strong></span> <span class='ocrx_word' id='word_1_218' title='bbox 894 2645 1032 2712; x_wconf 87' lang='lat' dir='ltr'><strong>Constat</strong></span> <span class='ocrx_word' id='word_1_219' title='bbox 1058 2668 1119 2712; x_wconf 89' lang='lat' dir='ltr'><strong>nos</strong></span> <span class='ocrx_word' id='word_1_220' title='bbox 1148 2633 1262 2710; x_wconf 71' lang='lat' dir='ltr'><strong>teratu</strong></span> 
     </span>
     <span class='ocr_line' id='line_1_29' title="bbox 240 2667 1262 2825; baseline -0.009 -28"><span class='ocrx_word' id='word_1_221' title='bbox 240 2667 481 2825; x_wconf 58' lang='lat' dir='ltr'><strong>Kbsnlutioois,</strong></span> <span class='ocrx_word' id='word_1_222' title='bbox 504 2742 535 2795; x_wconf 91' lang='lat' dir='ltr'><strong>ct</strong></span> <span class='ocrx_word' id='word_1_223' title='bbox 551 2743 744 2820; x_wconf 87' lang='lat' dir='ltr'><strong>potestatem</strong></span> <span class='ocrx_word' id='word_1_224' title='bbox 763 2724 905 2796; x_wconf 82' lang='lat' dir='ltr'><strong>clavium</strong></span> <span class='ocrx_word' id='word_1_225' title='bbox 938 2726 984 2794; x_wconf 88' lang='lat' dir='ltr'><strong>ita</strong></span> <span class='ocrx_word' id='word_1_226' title='bbox 1007 2725 1262 2820; x_wconf 71' lang='lat' dir='ltr'><strong>illustravissent</strong></span> 
     </span>
     <span class='ocr_line' id='line_1_30' title="bbox 240 2809 1262 2896; baseline -0.012 -15"><span class='ocrx_word' id='word_1_227' title='bbox 240 2835 387 2894; x_wconf 79' lang='lat' dir='ltr'><strong>navrssc,</strong></span> <span class='ocrx_word' id='word_1_228' title='bbox 417 2826 454 2879; x_wconf 92' lang='lat' dir='ltr'><strong>ut</strong></span> <span class='ocrx_word' id='word_1_229' title='bbox 474 2809 598 2882; x_wconf 83' lang='lat' dir='ltr'><strong>multae</strong></span> <span class='ocrx_word' id='word_1_230' title='bbox 620 2811 762 2885; x_wconf 83' lang='lat' dir='ltr'><strong>afflictae</strong></span> <span class='ocrx_word' id='word_1_231' title='bbox 782 2811 1011 2896; x_wconf 81' lang='lat' dir='ltr'><strong>conscientiae,</strong></span> <span class='ocrx_word' id='word_1_232' title='bbox 1042 2839 1081 2880; x_wconf 81' lang='lat' dir='ltr'><strong>ex</strong></span> <span class='ocrx_word' id='word_1_233' title='bbox 1106 2812 1262 2881; x_wconf 74' lang='lat' dir='ltr'><strong>doctrinas</strong></span> 
     </span>
     <span class='ocr_line' id='line_1_31' title="bbox 155 2891 1262 2992; baseline -0.012 -26"><span class='ocrx_word' id='word_1_234' title='bbox 155 2929 159 2938; x_wconf 53' lang='lat'><em>*</em></span> <span class='ocrx_word' id='word_1_235' title='bbox 241 2914 396 2978; x_wconf 73' lang='lat' dir='ltr'><strong>atrorum,</strong></span> <span class='ocrx_word' id='word_1_236' title='bbox 419 2893 917 2990; x_wconf 64' lang='lat' dir='ltr'><strong>consolationemconceperint»,</strong></span> <span class='ocrx_word' id='word_1_237' title='bbox 965 2913 1117 2992; x_wconf 90' lang='lat' dir='ltr'><strong>ostquam</strong></span> <span class='ocrx_word' id='word_1_238' title='bbox 1133 2891 1262 2963; x_wconf 77' lang='lat' dir='ltr'><strong>audirent</strong></span> 
     </span>
     <span class='ocr_line' id='line_1_32' title="bbox 240 2979 1262 3076; baseline 0 -26"><span class='ocrx_word' id='word_1_239' title='bbox 240 2981 433 3050; x_wconf 84' lang='lat' dir='ltr'><strong>mandatum</strong></span> <span class='ocrx_word' id='word_1_240' title='bbox 453 2979 519 3060; x_wconf 82' lang='lat' dir='ltr'><strong>Dei</strong></span> <span class='ocrx_word' id='word_1_241' title='bbox 540 3006 627 3068; x_wconf 83' lang='lat' dir='ltr'><strong>esse,</strong></span> <span class='ocrx_word' id='word_1_242' title='bbox 655 2981 723 3052; x_wconf 84' lang='lat' dir='ltr'><strong>imo</strong></span> <span class='ocrx_word' id='word_1_243' title='bbox 749 2981 921 3076; x_wconf 88' lang='lat' dir='ltr'><strong>propriam</strong></span> <span class='ocrx_word' id='word_1_244' title='bbox 955 2981 1121 3071; x_wconf 80' lang='lat' dir='ltr'><strong>¹vangelii</strong></span> <span class='ocrx_word' id='word_1_245' title='bbox 1144 2985 1262 3068; x_wconf 57' lang='lat' dir='ltr'><strong>vocetur*</strong></span> 
     </span>
     <span class='ocr_line' id='line_1_33' title="bbox 240 3049 1261 3154; baseline -0.014 -19"><span class='ocrx_word' id='word_1_246' title='bbox 240 3059 439 3136; x_wconf 82' lang='lat' dir='ltr'><strong>absolirtioni</strong></span> <span class='ocrx_word' id='word_1_247' title='bbox 456 3065 644 3150; x_wconf 82' lang='lat' dir='ltr'><strong>credamus,</strong></span> <span class='ocrx_word' id='word_1_248' title='bbox 672 3081 705 3138; x_wconf 87' lang='lat' dir='ltr'><strong>et</strong></span> <span class='ocrx_word' id='word_1_249' title='bbox 718 3081 805 3138; x_wconf 90' lang='lat' dir='ltr'><strong>certo</strong></span> <span class='ocrx_word' id='word_1_250' title='bbox 820 3083 1020 3150; x_wconf 80' lang='lat' dir='ltr'><strong>statuamus,</strong></span> <span class='ocrx_word' id='word_1_251' title='bbox 1047 3065 1145 3151; x_wconf 85' lang='lat' dir='ltr'><strong>nobis</strong></span> <span class='ocrx_word' id='word_1_252' title='bbox 1160 3049 1261 3154; x_wconf 80' lang='lat' dir='ltr'><strong>gratrsd</strong></span> 
     </span>
     <span class='ocr_line' id='line_1_34' title="bbox 239 3149 1261 3252; baseline -0.008 -32"><span class='ocrx_word' id='word_1_253' title='bbox 239 3150 314 3252; x_wconf 75' lang='lat' dir='ltr'><strong>nari</strong></span> <span class='ocrx_word' id='word_1_254' title='bbox 330 3149 555 3246; x_wconf 84' lang='lat' dir='ltr'><strong>remissionem</strong></span> <span class='ocrx_word' id='word_1_255' title='bbox 570 3153 796 3247; x_wconf 74' lang='lat' dir='ltr'><strong>peccatorum,</strong></span> <span class='ocrx_word' id='word_1_256' title='bbox 828 3169 963 3252; x_wconf 87' lang='lat' dir='ltr'><strong>propter</strong></span> <span class='ocrx_word' id='word_1_257' title='bbox 987 3149 1176 3231; x_wconf 89' lang='lat' dir='ltr'><strong>Christum,</strong></span> <span class='ocrx_word' id='word_1_258' title='bbox 1202 3159 1228 3212; x_wconf 91' lang='lat' dir='ltr'><strong>ct</strong></span> <span class='ocrx_word' id='word_1_259' title='bbox 1242 3157 1261 3203; x_wconf 75' lang='lat' dir='ltr'><strong>tt</strong></span> 
     </span>
     <span class='ocr_line' id='line_1_35' title="bbox 240 3231 1261 3307; baseline -0.01 -1"><span class='ocrx_word' id='word_1_260' title='bbox 240 3253 359 3306; x_wconf 88' lang='lat' dir='ltr'><strong>tramus</strong></span> <span class='ocrx_word' id='word_1_261' title='bbox 375 3261 449 3306; x_wconf 88' lang='lat' dir='ltr'><strong>vere</strong></span> <span class='ocrx_word' id='word_1_262' title='bbox 466 3260 526 3306; x_wconf 88' lang='lat' dir='ltr'><strong>nos</strong></span> <span class='ocrx_word' id='word_1_263' title='bbox 548 3234 610 3306; x_wconf 90' lang='lat' dir='ltr'><strong>hac</strong></span> <span class='ocrx_word' id='word_1_264' title='bbox 631 3238 693 3306; x_wconf 82' lang='lat' dir='ltr'><strong>fide</strong></span> <span class='ocrx_word' id='word_1_265' title='bbox 712 3235 917 3306; x_wconf 81' lang='lat' dir='ltr'><strong>reconciliari</strong></span> <span class='ocrx_word' id='word_1_266' title='bbox 936 3243 1020 3307; x_wconf 84' lang='lat' dir='ltr'><strong>Deo.</strong></span> <span class='ocrx_word' id='word_1_267' title='bbox 1064 3241 1155 3304; x_wconf 90' lang='lat' dir='ltr'><strong>Haec</strong></span> <span class='ocrx_word' id='word_1_268' title='bbox 1178 3231 1261 3299; x_wconf 64' lang='lat' dir='ltr'><strong>scotti</strong></span> 
     </span>
     <span class='ocr_line' id='line_1_36' title="bbox 239 3319 1261 3415; baseline -0.012 -23"><span class='ocrx_word' id='word_1_269' title='bbox 239 3319 361 3392; x_wconf 82' lang='lat' dir='ltr'><strong>multas</strong></span> <span class='ocrx_word' id='word_1_270' title='bbox 376 3319 448 3415; x_wconf 91' lang='lat' dir='ltr'><strong>pias</strong></span> <span class='ocrx_word' id='word_1_271' title='bbox 462 3337 590 3392; x_wconf 86' lang='lat' dir='ltr'><strong>mentes</strong></span> <span class='ocrx_word' id='word_1_272' title='bbox 604 3322 722 3404; x_wconf 83' lang='lat' dir='ltr'><strong>crexit,</strong></span> <span class='ocrx_word' id='word_1_273' title='bbox 754 3337 787 3392; x_wconf 90' lang='lat' dir='ltr'><strong>et</strong></span> <span class='ocrx_word' id='word_1_274' title='bbox 810 3321 905 3392; x_wconf 89' lang='lat' dir='ltr'><strong>initio</strong></span> <span class='ocrx_word' id='word_1_275' title='bbox 927 3319 1231 3398; x_wconf 81' lang='lat' dir='ltr'><strong>commendationem</strong></span> <span class='ocrx_word' id='word_1_276' title='bbox 1245 3329 1261 3372; x_wconf 70' lang='lat' dir='ltr'><strong>d</strong></span> 
     </span>
     <span class='ocr_line' id='line_1_37' title="bbox 238 3403 1261 3504; baseline -0.01 -28"><span class='ocrx_word' id='word_1_277' title='bbox 238 3405 379 3504; x_wconf 78' lang='lat' dir='ltr'><strong>nimam,</strong></span> <span class='ocrx_word' id='word_1_278' title='bbox 417 3405 508 3502; x_wconf 86' lang='lat' dir='ltr'><strong>apud</strong></span> <span class='ocrx_word' id='word_1_279' title='bbox 530 3431 641 3476; x_wconf 90' lang='lat' dir='ltr'><strong>omnes</strong></span> <span class='ocrx_word' id='word_1_280' title='bbox 663 3407 767 3476; x_wconf 89' lang='lat' dir='ltr'><strong>honos</strong></span> <span class='ocrx_word' id='word_1_281' title='bbox 787 3407 897 3494; x_wconf 76' lang='lat' dir='ltr'><strong>viros,</strong></span> <span class='ocrx_word' id='word_1_282' title='bbox 932 3405 1041 3479; x_wconf 87' lang='lat' dir='ltr'><strong>attulit</strong></span> <span class='ocrx_word' id='word_1_283' title='bbox 1071 3403 1261 3500; x_wconf 49' lang='lat' dir='ltr'><strong>Lutherofit</strong></span> 
     </span>
     <span class='ocr_line' id='line_1_38' title="bbox 238 3486 1261 3570; baseline -0.009 -10"><span class='ocrx_word' id='word_1_284' title='bbox 238 3490 381 3562; x_wconf 83' lang='lat' dir='ltr'><strong>ostendit</strong></span> <span class='ocrx_word' id='word_1_285' title='bbox 393 3507 512 3570; x_wconf 77' lang='lat' dir='ltr'><strong>certam</strong></span> <span class='ocrx_word' id='word_1_286' title='bbox 528 3507 559 3560; x_wconf 91' lang='lat' dir='ltr'><strong>et</strong></span> <span class='ocrx_word' id='word_1_287' title='bbox 574 3491 705 3563; x_wconf 80' lang='lat' dir='ltr'><strong>firmam</strong></span> <span class='ocrx_word' id='word_1_288' title='bbox 723 3490 983 3564; x_wconf 90' lang='lat' dir='ltr'><strong>consolationem</strong></span> <span class='ocrx_word' id='word_1_289' title='bbox 1005 3486 1223 3564; x_wconf 81' lang='lat' dir='ltr'><strong>conscientiis,</strong></span> <span class='ocrx_word' id='word_1_290' title='bbox 1242 3493 1261 3567; x_wconf 81' lang='lat' dir='ltr'><strong>qt</strong></span> 
     </span>
     <span class='ocr_line' id='line_1_39' title="bbox 236 3573 1261 3720; baseline -0.009 -74"><span class='ocrx_word' id='word_1_291' title='bbox 236 3593 334 3646; x_wconf 84' lang='lat' dir='ltr'><strong>antea</strong></span> <span class='ocrx_word' id='word_1_292' title='bbox 347 3591 415 3646; x_wconf 90' lang='lat' dir='ltr'><strong>tota</strong></span> <span class='ocrx_word' id='word_1_293' title='bbox 428 3575 477 3644; x_wconf 83' lang='lat' dir='ltr'><strong>vis</strong></span> <span class='ocrx_word' id='word_1_294' title='bbox 491 3573 717 3653; x_wconf 82' lang='lat' dir='ltr'><strong>Absolutionis</strong></span> <span class='ocrx_word' id='word_1_295' title='bbox 734 3591 802 3646; x_wconf 91' lang='lat' dir='ltr'><strong>erat</strong></span> <span class='ocrx_word' id='word_1_296' title='bbox 827 3601 981 3678; x_wconf 85' lang='lat' dir='ltr'><strong>oppressa</strong></span> <span class='ocrx_word' id='word_1_297' title='bbox 1005 3575 1162 3645; x_wconf 89' lang='lat' dir='ltr'><strong>doctrinis</strong></span> <span class='ocrx_word' id='word_1_298' title='bbox 1184 3575 1261 3720; x_wconf 67' lang='lat' dir='ltr'><strong>opert</strong></span> 
     </span>
     <span class='ocr_line' id='line_1_40' title="bbox 237 3637 1260 3759; baseline -0.007 -27"><span class='ocrx_word' id='word_1_299' title='bbox 237 3687 311 3732; x_wconf 90' lang='lat' dir='ltr'><strong>cum</strong></span> <span class='ocrx_word' id='word_1_300' title='bbox 335 3661 374 3729; x_wconf 91' lang='lat' dir='ltr'><strong>de</strong></span> <span class='ocrx_word' id='word_1_301' title='bbox 391 3659 473 3744; x_wconf 87' lang='lat' dir='ltr'><strong>fide,</strong></span> <span class='ocrx_word' id='word_1_302' title='bbox 504 3676 536 3759; x_wconf 75' lang='lat' dir='ltr'><strong>et</strong></span> <span class='ocrx_word' id='word_1_303' title='bbox 560 3657 704 3752; x_wconf 85' lang='lat' dir='ltr'><strong>gratuita</strong></span> <span class='ocrx_word' id='word_1_304' title='bbox 724 3661 914 3732; x_wconf 80' lang='lat' dir='ltr'><strong>remissione</strong></span> <span class='ocrx_word' id='word_1_305' title='bbox 933 3659 1017 3730; x_wconf 85' lang='lat' dir='ltr'><strong>nihii</strong></span> <span class='ocrx_word' id='word_1_306' title='bbox 1042 3659 1193 3730; x_wconf 87' lang='lat' dir='ltr'><strong>docerent</strong></span> <span class='ocrx_word' id='word_1_307' title='bbox 1229 3637 1260 3738; x_wconf 69' lang='lat' dir='ltr'><strong>oti</strong></span> 
     </span>
     <span class='ocr_line' id='line_1_41' title="bbox 163 3743 987 3820; baseline -0.006 -4"><span class='ocrx_word' id='word_1_308' title='bbox 163 3763 166 3772; x_wconf 85' lang='lat'>&#39;</span> <span class='ocrx_word' id='word_1_309' title='bbox 239 3762 309 3820; x_wconf 87' lang='lat' dir='ltr'><strong>stae</strong></span> <span class='ocrx_word' id='word_1_310' title='bbox 330 3761 362 3814; x_wconf 90' lang='lat' dir='ltr'><strong>et</strong></span> <span class='ocrx_word' id='word_1_311' title='bbox 375 3743 542 3814; x_wconf 84' lang='lat' dir='ltr'><strong>Monachr.</strong></span> <span class='ocrx_word' id='word_1_312' title='bbox 903 3789 905 3795; x_wconf 92' lang='lat'>·</span> <span class='ocrx_word' id='word_1_313' title='bbox 978 3765 987 3790; x_wconf 75' lang='lat'><strong>⁴</strong></span> 
     </span>
     <span class='ocr_line' id='line_1_42' title="bbox 256 3807 1258 3930; baseline -0.007 -32"><span class='ocrx_word' id='word_1_314' title='bbox 256 3914 264 3929; x_wconf 34' lang='grc' dir='ltr'>ι</span> <span class='ocrx_word' id='word_1_315' title='bbox 304 3829 549 3930; x_wconf 41' lang='grc' dir='ltr'>,Οαειειιιιιιᾶο</span> <span class='ocrx_word' id='word_1_316' title='bbox 575 3844 738 3923; x_wconf 83' lang='lat' dir='ltr'><strong>tempore,</strong></span> <span class='ocrx_word' id='word_1_317' title='bbox 766 3843 852 3898; x_wconf 86' lang='lat' dir='ltr'><strong>certe</strong></span> <span class='ocrx_word' id='word_1_318' title='bbox 874 3825 908 3898; x_wconf 92' lang='lat' dir='ltr'><strong>in</strong></span> <span class='ocrx_word' id='word_1_319' title='bbox 931 3807 1258 3910; x_wconf 74' lang='lat' dir='ltr'><strong>1⁴3cclesiisnostrispl</strong></span> 
     </span>
     <span class='ocr_line' id='line_1_43' title="bbox 237 3910 1250 3996; baseline -0.004 -14"><span class='ocrx_word' id='word_1_320' title='bbox 237 3939 314 3982; x_wconf 86' lang='lat' dir='ltr'><strong>rum</strong></span> <span class='ocrx_word' id='word_1_321' title='bbox 331 3937 386 3983; x_wconf 90' lang='lat' dir='ltr'><strong>sae</strong></span> <span class='ocrx_word' id='word_1_322' title='bbox 412 3939 429 3982; x_wconf 92' lang='lat' dir='ltr'><strong>e</strong></span> <span class='ocrx_word' id='word_1_323' title='bbox 454 3939 489 3984; x_wconf 90' lang='lat' dir='ltr'><strong>m</strong></span> <span class='ocrx_word' id='word_1_324' title='bbox 511 3938 599 3984; x_wconf 88' lang='lat' dir='ltr'><strong>anno</strong></span> <span class='ocrx_word' id='word_1_325' title='bbox 625 3928 762 3985; x_wconf 88' lang='lat' dir='ltr'><strong>utuntur</strong></span> <span class='ocrx_word' id='word_1_326' title='bbox 783 3915 1010 3996; x_wconf 85' lang='lat' dir='ltr'><strong>sacramentis,</strong></span> <span class='ocrx_word' id='word_1_327' title='bbox 1042 3910 1250 3982; x_wconf 69' lang='lat' dir='ltr'><strong>Absolutum</strong></span> 
     </span>
     <span class='ocr_line' id='line_1_44' title="bbox 214 3995 1260 4095; baseline -0.005 -29"><span class='ocrx_word' id='word_1_328' title='bbox 214 4041 217 4054; x_wconf 76' lang='lat'><em>‹</em></span> <span class='ocrx_word' id='word_1_329' title='bbox 239 3998 351 4067; x_wconf 86' lang='lat' dir='ltr'><strong>Coena</strong></span> <span class='ocrx_word' id='word_1_330' title='bbox 400 3996 515 4068; x_wconf 90' lang='lat' dir='ltr'><strong>omini.</strong></span> <span class='ocrx_word' id='word_1_331' title='bbox 556 3997 676 4095; x_wconf 88' lang='lat' dir='ltr'><strong>thui</strong></span> <span class='ocrx_word' id='word_1_332' title='bbox 691 4000 808 4070; x_wconf 93' lang='lat' dir='ltr'><strong>docent</strong></span> <span class='ocrx_word' id='word_1_333' title='bbox 825 3999 864 4068; x_wconf 89' lang='lat' dir='ltr'><strong>de</strong></span> <span class='ocrx_word' id='word_1_334' title='bbox 883 3997 1040 4090; x_wconf 79' lang='lat' dir='ltr'><strong>dignitate</strong></span> <span class='ocrx_word' id='word_1_335' title='bbox 1057 4013 1088 4067; x_wconf 88' lang='lat' dir='ltr'><strong>et</strong></span> <span class='ocrx_word' id='word_1_336' title='bbox 1100 3995 1260 4064; x_wconf 80' lang='lat' dir='ltr'><strong>fructihu⁵⁵</strong></span> 
     </span>
     <span class='ocr_line' id='line_1_45' title="bbox 237 4080 1260 4177; baseline 0.002 -27"><span class='ocrx_word' id='word_1_337' title='bbox 237 4098 496 4168; x_wconf 85' lang='lat' dir='ltr'><strong>eramentorum‚</strong></span> <span class='ocrx_word' id='word_1_338' title='bbox 523 4082 568 4154; x_wconf 86' lang='lat' dir='ltr'><strong>ita</strong></span> <span class='ocrx_word' id='word_1_339' title='bbox 583 4082 721 4168; x_wconf 85' lang='lat' dir='ltr'><strong>dicunt,</strong></span> <span class='ocrx_word' id='word_1_340' title='bbox 751 4100 788 4154; x_wconf 88' lang='lat' dir='ltr'><strong>ut</strong></span> <span class='ocrx_word' id='word_1_341' title='bbox 811 4080 946 4154; x_wconf 86' lang='lat' dir='ltr'><strong>invitent</strong></span> <span class='ocrx_word' id='word_1_342' title='bbox 968 4083 1146 4177; x_wconf 88' lang='lat' dir='ltr'><strong>populum,</strong></span> <span class='ocrx_word' id='word_1_343' title='bbox 1176 4095 1209 4146; x_wconf 91' lang='lat' dir='ltr'><strong>ut</strong></span> <span class='ocrx_word' id='word_1_344' title='bbox 1225 4089 1260 4152; x_wconf 69' lang='lat' dir='ltr'><strong>snt</strong></span> 
     </span>
     <span class='ocr_line' id='line_1_46' title="bbox 236 4161 1260 4260; baseline -0.007 -22"><span class='ocrx_word' id='word_1_345' title='bbox 236 4183 370 4260; x_wconf 78' lang='lat' dir='ltr'><strong>utantur</strong></span> <span class='ocrx_word' id='word_1_346' title='bbox 385 4168 620 4240; x_wconf 67' lang='lat' dir='ltr'><strong>sacramentis</strong></span> <span class='ocrx_word' id='word_1_347' title='bbox 646 4173 768 4242; x_wconf 85' lang='lat' dir='ltr'><strong>Extant</strong></span> <span class='ocrx_word' id='word_1_348' title='bbox 781 4161 869 4250; x_wconf 80' lang='lat' dir='ltr'><strong>enim</strong></span> <span class='ocrx_word' id='word_1_349' title='bbox 884 4169 924 4238; x_wconf 92' lang='lat' dir='ltr'><strong>de</strong></span> <span class='ocrx_word' id='word_1_350' title='bbox 939 4167 999 4241; x_wconf 87' lang='lat' dir='ltr'><strong>hac</strong></span> <span class='ocrx_word' id='word_1_351' title='bbox 1017 4195 1051 4236; x_wconf 90' lang='lat' dir='ltr'><strong>rc</strong></span> <span class='ocrx_word' id='word_1_352' title='bbox 1066 4165 1196 4236; x_wconf 78' lang='lat' dir='ltr'><strong>multra</strong></span> <span class='ocrx_word' id='word_1_353' title='bbox 1208 4165 1260 4226; x_wconf 76' lang='lat' dir='ltr'><strong>nost</strong></span> 
     </span>
     <span class='ocr_line' id='line_1_47' title="bbox 161 4231 1259 4354; baseline -0.006 -32"><span class='ocrx_word' id='word_1_354' title='bbox 161 4309 163 4318; x_wconf 88' lang='grc'>.</span> <span class='ocrx_word' id='word_1_355' title='bbox 236 4253 283 4335; x_wconf 82' lang='lat' dir='ltr'><strong>ita</strong></span> <span class='ocrx_word' id='word_1_356' title='bbox 297 4253 437 4350; x_wconf 89' lang='lat' dir='ltr'><strong>scripta,</strong></span> <span class='ocrx_word' id='word_1_357' title='bbox 466 4271 504 4346; x_wconf 81' lang='lat' dir='ltr'><strong>ut</strong></span> <span class='ocrx_word' id='word_1_358' title='bbox 517 4251 712 4338; x_wconf 87' lang='lat' dir='ltr'><strong>adversarii,</strong></span> <span class='ocrx_word' id='word_1_359' title='bbox 744 4253 774 4324; x_wconf 91' lang='lat' dir='ltr'><strong>si</strong></span> <span class='ocrx_word' id='word_1_360' title='bbox 786 4253 935 4354; x_wconf 77' lang='lat' dir='ltr'><strong>quisunt</strong></span> <span class='ocrx_word' id='word_1_361' title='bbox 948 4250 1029 4334; x_wconf 79' lang='lat' dir='ltr'><strong>honi</strong></span> <span class='ocrx_word' id='word_1_362' title='bbox 1045 4251 1125 4336; x_wconf 80' lang='lat' dir='ltr'><strong>viri,</strong></span> <span class='ocrx_word' id='word_1_363' title='bbox 1156 4243 1232 4318; x_wconf 89' lang='lat' dir='ltr'><strong>haud</strong></span> <span class='ocrx_word' id='word_1_364' title='bbox 1248 4231 1259 4302; x_wconf 70' lang='lat' dir='ltr'><strong>d</strong></span> 
     </span>
    </p>
   </div>
   <div class='ocr_carea' id='block_1_4' title="bbox 0 0 1314 4902">
    <p class='ocr_par' dir='ltr' id='par_1_4' title="bbox 0 0 1314 4902">
     <span class='ocr_line' id='line_1_48' title="bbox 0 0 1314 4902; baseline 0 3"><span class='ocrx_word' id='word_1_365' title='bbox 0 0 1314 4902; x_wconf 95' lang='lat' dir='ltr'><strong> </strong></span> 
     </span>
    </p>
   </div>
  </div>
 </body>
</html>
