2610 4900
198 313 274 391 358
424 395 427 404 ,
547 310 801 390 catechismus
819 315 952 414 major.
1017 403 1021 415 Ι

115 585 118 594 γ
199 493 394 567 rationibus.
439 491 649 591 Aequisque
671 479 747 586 foro
770 517 834 600 pro
850 515 919 564 -sua
946 475 1101 579 libidine‘,
1129 466 1221 586 utque
1232 491 1267 560 illi
1287 495 1289 622 p

199 584 308 650 visum
323 577 435 665 fuerit,
458 580 614 665 abutitur,
624 581 679 650 ‘ad
697 579 760 656 hot
773 579 1027 650 intolerabiliter
1042 577 1221 674 superbiens
1233 596 1268 646 at-

200 691 266 760 que
278 664 462 748 ferociens,
479 668 573 760 quasi
588 667 661 758 ju're
682 665 747 736 s'ibi
763 664 827 736 hoc
841 665 948 748 liceat,
970 687 1030 732 sua
1045 690 1145 758 quam
1158 661 1268 734 maxine

96 771 104 790 ·
200 748 283 820 velit
321 749 404 821 ratio
420 750 611 833 divendere,
634 765 762 834 motum
776 751 877 832 abest,
899 765 936 816 ut
948 749 1069 844 aliquis
1087 763 1158 819 eam
1173 749 1210 818 ob
1222 773 1269 816 reu

200 833 255 905 illi
271 777 407 930 oblique
423 836 661 928 obmurmuret.
702 841 830 905 Horum
849 832 997 905 omniurn
1019 850 1208 928 spectatores
1225 831 1270 900 eri-

200 943 288 1004 mus,
310 918 513 1014 permissuri,
534 935 573 989 ut
588 947 649 1014 pro
665 919 900 990 arbitratusuo
913 918 997 988 alios
1014 917 1197 1008 deglubant,
1215 942 1270 1010 spo-

200 1003 302 1086 lient,
333 1003 503 1089 mutilent,
532 1003 690 1090 lacerent,
712 1005 853 1100 rapiant,
875 1029 914 1073 ac
929 1003 1271 1074 omnibusmodissuae

201 1088 357 1159 avaritiae
371 1089 523 1159 serviant.
566 1095 603 1158 ln
616 1095 690 1160 Deo
708 1106 817 1178 tpmen
832 1086 985 1158 fiduciam
1002 1105 1150 1158 nostram
1165 1085 1271 1156 habebi-

154 1236 159 1245 .
202 1197 294 1260 mus,
317 1172 467 1268 alioquin
483 1173 664 1244 etiamhoc
680 1173 942 1271 ipsumfacturo,
963 1187 1000 1244 ut
1016 1198 1054 1244 ea
1066 1170 1272 1248 benedictione,
1289 1203 1290 1214 ι

10 1349 12 1356 Α
107 1319 111 1332 ,
202 1257 262 1328 ubi
289 1255 576 1360 diudmultumque
602 1259 686 1329 alios
714 1258 919 1352 degluberis,
944 1283 1060 1352 neque
1086 1283 1200 1354 pamm
1219 1254 1272 1352 bopi

202 1367 396 1427 corraserts,
419 1359 507 1445 'tuas‘
528 1367 610 1444 opes
630 1361 819 1448 prosperet,
857 1359 895 1412 ut
917 1345 1124 1428 frumentum
1151 1359 1232 1411 tuum
1252 1365 1272 1405 ιι

87 1435 89 1443 ’
202 1425 342 1512 horreo,
375 1454 530 1500 cerevisia
556 1446 666 1499 tuam
690 1426 846 1512 cellario,
876 1453 972 1522 pecus
996 1443 1087 1497 tuum
1121 1432 1156 1498 in
1175 1425 1272 1496 stabulo

202 1529 330 1668 pereat:
354 1517 422 1585 imo
461 1513 563 1598 otius,
582 1513 641 1582 ubi
659 1513 847 1607 proximum
870 1530 961 1582 tuum
980 1513 1032 1580 vel
1047 1535 1156 1582 'aureo
1171 1512 1271 1582 ‹lebau-

146 1611 155 1668 '.
228 1598 352 1684 everis,
374 1614 410 1669 tu
435 1539 474 1671 dc
498 1615 566 1668 tota
590 1624 717 1668 summa
733 1623 770 1667 ac
789 1614 875 1668 sorte
900 1595 1089 1693 periclitans
1112 1599 1148 1668 in
1170 1595 1272 1666 dubiun

204 1683 326 1767 venias,
349 1697 387 1754 ut
406 1683 452 1754 ita
469 1683 621 1752 absumta
638 1698 670 1753 et
692 1683 801 1752 ablata
821 1699 1000 1764 evanescat,
1023 1681 1123 1751 etiam
1138 1707 1207 1752 cum
1220 1678 1272 1774 pul-

203 1767 339 1853 visculo,
360 1783 398 1837 ut
405 1793 574 1864 nunquam
589 1767 693 1838 ullam
708 1793 745 1838 ex
756 1793 794 1838 ea
811 1767 1013 1861 voluptatem
1037 1768 1159 1862 capias.

279 1857 362 1926 ,Hoc
387 1877 621 1942 veronense,
661 1851 815 1948 equidem
844 1851 1047 1947 quotidianis
1074 1847 1273 1947 experimentis

204 1937 381 2020 discimus,
403 1935 532 2008 nullam
557 1963 628 2006 rem
643 1953 699 2008 aut
721 1936 812 2006 lueto
834 1953 892 2005 aut
914 1935 1031 2006 fraude
1054 1954 1200 2030 paratam
1221 1959 1280 2027 pos-¹

177 2041 179 2049 '
205 2022 327 2094 sessori
343 2021 435 2092 lucro
447 2047 527 2092 esse.
572 2028 665 2112 Quot
679 2022 767 2092 enim
782 2047 852 2095 esse
868 2037 974 2115 putas,
993 2025 1057 2122 quit
1072 2021 1131 2092 diu
1146 2037 1274 2120 noctuque

97 2163 100 2168 .
204 2105 418 2180 corradendis
433 2123 466 2178 et
481 2105 687 2178 cumulandis
701 2107 819 2201 opibus
835 2125 869 2175 se
893 2122 1101 2189 excruciant,
1130 2131 1185 2202 qur
1200 2123 1275 2175 ιιιιιι

205 2217 248 2262 ne
263 2191 403 2263 teruntio
419 2192 552 2287 quidem
568 2193 700 2262 ditiores
716 2191 878 2261 evadunt?
897 2195 945 2259 Et
959 2217 1046 2286 quan
1072 2212 1153 2262 uam
1169 2190 1275 2258 multun

134 2332 137 2338 ,
206 2277 391 2361 cumulent,
413 2293 460 2347 tot
474 2293 583 2347 tamen
621 2277 705 2368 lagis
723 2293 755 2346 et
768 2275 1008 2347 calamitatibus
1022 2215 1139 2348 adecti
1155 2291 1240 2354 sunt,
1255 2286 1276 2337 ut

206 2387 283 2432 cum
296 2361 461 2466 voluptate
474 2386 512 2432 ac
526 2305 649 2454 gaudio
666 2361 762 2431 rebus
780 2361 882 2456 partis
904 2360 971 2429 frui
987 2378 1171 2455 nequeant,
1201 2363 1275 2450 nequ

208 2445 322 2518 liberis
337 2472 404 2518 suis
423 2470 495 2526 eam
512 2446 745 2518 haereditatem
762 2446 964 2540 relinquant,
984 2449 1113 2516 Verum
1130 2445 1275 2516 enimvero

206 2557 282 2602 curn
298 2532 462 2602 neminem
476 2531 556 2601 haec
568 2548 739 2615 moveant,
761 2547 858 2626 atque
877 2555 944 2600 non
965 2557 1074 2616 secus,
1099 2531 1181 2607 acsi
1196 2544 1276 2598 nostra

42 2642 99 2714 ,’'
206 2613 292 2686 nihil
307 2616 497 2699 interesset,
525 2639 678 2770 spamus:
694 2639 836 2686 ‚necesse
861 2632 926 2697 est,
954 2633 990 2686 nt
1010 2616 1074 2685 alia
1106 2610 1227 2686 ratione
1238 2633 1275 2678 nos

207 2695 329 2770 invisat
357 2717 519 2795 ettsapere
562 2715 670 2786 occat,
699 2717 738 2770 ut
753 2709 872 2794 nempe
892 2701 988 2770 novis
1007 2699 1149 2772 subinde
1169 2697 1277 2770 exactio

207 2785 304 2856 nibus
317 2809 528 2876 exsugamur,
548 2803 605 2855 aut
621 2811 797 2856 numeroso
814 2787 958 2879 quodam
969 2786 1223 2888 peregrinorum
1235 2780 1276 2848 ni·

206 2867 305 2940 litum
327 2870 468 2941 exercitu
489 2895 550 2940 nos
573 2870 758 2955 adoriatur,
790 2870 847 2964 qui
871 2871 906 2938 in
923 2895 1020 2940 umus
1043 2870 1184 2942 horulae
1203 2881 1277 2962 sputu

207 2954 260 3034 ita¹
273 2955 370 3026 cistas
392 2960 423 3025 et
443 2953 611 3050 marsupia
630 2969 744 3023 nostra
767 2970 967 3036 excuterent,
988 2979 1047 3026 nec
1069 2972 1148 3026 ante
1172 2955 1277 3046 depret-

96 3113 98 3118 ,
207 3039 418 3110 dandifinem
435 3039 571 3123 faciant,
595 3065 695 3136 quam
717 3038 811 3110 nobis
833 3037 944 3108 nullus
961 3039 1080 3110 obolus
1102 3055 1229 3110 maneat
1244 3059 1278 3100 rc

206 3123 333 3228 liquus:
356 3125 399 3194 ad
413 3125 491 3196 haec
504 3142 628 3196 vastata
642 3123 764 3220 passim
780 3124 905 3219 patria,
934 3126 1029 3194 aedes
1050 3125 1150 3194 nobis
1175 3131 1277 3213 eruerant

207 3225 327 3294 ettam,
347 3235 454 3306 neque
466 3235 534 3280 non
551 3229 667 3279 uxores
683 3227 714 3279 et
727 3208 848 3281 liberos
865 3225 993 3278 nostros
1009 3209 1146 3280 allectos
1163 3210 1276 3300 ignom·

207 3293 264 3364 nia
279 3294 452 3389 perimant.
482 3299 576 3365 Etut
589 3293 776 3376 summatim
791 3292 908 3376 dicam,
931 3294 1070 3364 multum
1079 3293 1202 3364 furans
1216 3303 1277 3378 certe

208 3378 270 3450 tibi
285 3378 461 3475 pollicere,
484 3378 588 3451 multo
607 3380 706 3472 plura
732 3395 762 3448 te
777 3378 1088 3464 furtoamissurum.
1111 3415 1115 3422 ·
1142 3385 1223 3448 Tum
1241 3393 1278 3466 qu

209 3489 269 3560 per
283 3467 351 3532 vim
368 3479 466 3558 atque
479 3464 633 3563 injuriam
646 3479 742 3558 rapto
757 3463 854 3546 vivit,
876 3479 908 3534 et
931 3463 1021 3534 lucro
1036 3463 1155 3548 servit,
1176 3480 1210 3532 ut
1222 3457 1277 3527 altr
1293 3473 1294 3494 ¹

208 3549 240 3618 ri
253 3549 486 3632 incommodet,
507 3549 565 3618 1lle
579 3548 680 3618 alium
695 3549 913 3631 nanciscetur,¹
928 3572 949 3616 a
963 3575 1031 3642 quo
1045 3550 1140 3644 paria
1156 3557 1278 3636 acceptu·
1293 3575 1294 3626 }

209 3657 268 3702 rus
287 3646 345 3704 est.
386 3637 477 3702 Deus
494 3633 582 3703 enim
606 3631 704 3726 hujus
726 3633 806 3704 artis
819 3649 869 3702 est
883 3632 1135 3717 scientissimus,
1158 3627 1294 3726 quande-³

235 3717 345 3787 uidem
363 3719 504 3814 quisque
515 3717 658 3794 alterum
671 3715 798 3814 rapinis
804 3739 845 3786 ac
858 3717 948 3787 furto
958 3717 1128 3822 compilat,
1150 3733 1186 3786 ut
1199 3715 1277 3784 suren
1293 3801 1294 3806 γ

208 3743 294 3887 lure,
308 3801 467 3873 latronem
480 3801 608 3874 latrone
620 3803 745 3898 puniat.
774 3801 840 3870 Ubi
848 3801 932 3870 alias
944 3803 1107 3888 sufficiens
1117 3801 1209 3872 nobis
1220 3818 1277 3890 sup
1293 3811 1294 3840 ³

209 3904 332 3984 peteret
340 3885 668 3982 adpuniendosfures
678 3904 710 3958 et
717 3885 938 3983 patibulorum
946 3905 978 3958 et
986 3887 1176 3984 laqueorum
1189 3881 1277 4034 eopia?
1292 3887 1294 3966 j

280 3978 373 4042 .Jam
391 3971 450 4068 qui
465 3970 578 4042 amicis
592 3969 686 4042 dictis
703 3987 947 4058 commonetur,
967 3972 1024 4044 ille
1039 3986 1162 4044 certum
1177 3968 1215 4040 ha
1233 3975 1276 4060 ιιι
1293 3971 1294 4024 l

209 4055 276 4127 Dei
293 4082 362 4128 esse
399 4074 606 4159 raeceptum,
628 4056 718 4151 quod
733 4055 769 4125 iu
788 4059 898 4149 jocum
918 4059 1065 4128 converti
1086 4055 1180 4134 nolit.
1215 4058 1276 4140 batt

209 4144 274 4212 etsi
289 4166 350 4214 nos
387 4166 544 4238 ecepens,
566 4143 794 4242 contemseris,
815 4157 874 4211 aut
890 4141 980 4212 furto
993 4159 1032 4242 et.
1040 4138 1164 4237 rapinis
1178 4153 1274 4223 coopt-

209 4223 348 4301 lav'erisz
368 4241 476 4300 ‘tuam
496 4225 629 4326 quidem
646 4226 805 4319 injurtam
824 4249 930 4321 aequo
952 4251 1065 4300 ιιιιιιιο
1086 4221 1274 4300 omnus,
