<?xml version="1.0" encoding="UTF-8"?>
<!DOCTYPE html PUBLIC "-//W3C//DTD XHTML 1.0 Transitional//EN"
    "http://www.w3.org/TR/xhtml1/DTD/xhtml1-transitional.dtd">
<html xmlns="http://www.w3.org/1999/xhtml" xml:lang="en" lang="en">
 <head>
  <title>
</title>
<meta http-equiv="Content-Type" content="text/html;charset=utf-8" />
  <meta name='ocr-system' content='tesseract 3.04.00' />
  <meta name='ocr-capabilities' content='ocr_page ocr_carea ocr_par ocr_line ocrx_word'/>
</head>
<body>
  <div class='ocr_page' id='page_1' title='image "./librisymbolicie03churgoog/librisymbolicie03churgoog_0352.png"; bbox 0 0 2610 4900; ppageno 0'>
   <div class='ocr_carea' id='block_1_1' title="bbox 277 248 1224 432">
    <p class='ocr_par' dir='ltr' id='par_1_1' title="bbox 277 248 1224 432">
     <span class='ocr_line' id='line_1_1' title="bbox 1077 248 1157 300; baseline 0.013 -1"><span class='ocrx_word' id='word_1_1' title='bbox 1077 248 1091 278; x_wconf 44' lang='grc' dir='ltr'>χ</span> <span class='ocrx_word' id='word_1_2' title='bbox 1150 281 1157 300; x_wconf 67' lang='lat' dir='ltr'><strong>s</strong></span> 
     </span>
     <span class='ocr_line' id='line_1_2' title="bbox 277 281 1224 432; baseline 0.011 -44"><span class='ocrx_word' id='word_1_3' title='bbox 277 379 282 388; x_wconf 83' lang='lat'><em>.</em></span> <span class='ocrx_word' id='word_1_4' title='bbox 375 293 627 394; x_wconf 83' lang='lat' dir='ltr'><strong>Cateelrisrrius</strong></span> <span class='ocrx_word' id='word_1_5' title='bbox 646 322 775 417; x_wconf 77' lang='lat' dir='ltr'><strong>major.</strong></span> <span class='ocrx_word' id='word_1_6' title='bbox 840 287 884 400; x_wconf 16' lang='grc' dir='ltr'><strong>,ἢ</strong></span> <span class='ocrx_word' id='word_1_7' title='bbox 973 281 1123 432; x_wconf 23' lang='grc'><strong><em>’,343</em></strong></span> <span class='ocrx_word' id='word_1_8' title='bbox 1222 355 1224 362; x_wconf 58' lang='lat'><strong>⁴</strong></span> 
     </span>
    </p>
   </div>
   <div class='ocr_carea' id='block_1_2' title="bbox 15 440 1263 4334">
    <p class='ocr_par' dir='ltr' id='par_1_2' title="bbox 15 440 1263 4334">
     <span class='ocr_line' id='line_1_3' title="bbox 296 440 419 476; baseline 0 -9"><span class='ocrx_word' id='word_1_9' title='bbox 296 455 298 476; x_wconf 85' lang='lat'><strong>,</strong></span> <span class='ocrx_word' id='word_1_10' title='bbox 413 440 419 467; x_wconf 87' lang='lat' dir='ltr'><strong>r</strong></span> 
     </span>
     <span class='ocr_line' id='line_1_4' title="bbox 37 497 1150 598; baseline 0.007 -32"><span class='ocrx_word' id='word_1_11' title='bbox 37 497 162 580; x_wconf 71' lang='lat' dir='ltr'><strong>labitur,-</strong></span> <span class='ocrx_word' id='word_1_12' title='bbox 183 500 339 570; x_wconf 85' lang='lat' dir='ltr'><strong>damnum</strong></span> <span class='ocrx_word' id='word_1_13' title='bbox 362 502 513 595; x_wconf 84' lang='lat' dir='ltr'><strong>accipiet,</strong></span> <span class='ocrx_word' id='word_1_14' title='bbox 537 515 569 574; x_wconf 79' lang='lat' dir='ltr'><strong>et</strong></span> <span class='ocrx_word' id='word_1_15' title='bbox 584 527 641 596; x_wconf 84' lang='lat' dir='ltr'><strong>per</strong></span> <span class='ocrx_word' id='word_1_16' title='bbox 662 501 818 594; x_wconf 79' lang='lat' dir='ltr'><strong>injuriam</strong></span> <span class='ocrx_word' id='word_1_17' title='bbox 835 501 1059 598; x_wconf 78' lang='lat' dir='ltr'><strong>opprimetur:</strong></span> <span class='ocrx_word' id='word_1_18' title='bbox 1079 521 1119 574; x_wconf 80' lang='lat' dir='ltr'><strong>ut</strong></span> <span class='ocrx_word' id='word_1_19' title='bbox 1146 551 1150 560; x_wconf 40' lang='grc' dir='ltr'><strong><em>ι</em></strong></span> 
     </span>
     <span class='ocr_line' id='line_1_5' title="bbox 35 583 1115 686; baseline 0.006 -34"><span class='ocrx_word' id='word_1_20' title='bbox 35 583 210 682; x_wconf 75' lang='lat' dir='ltr'><strong>indignum</strong></span> <span class='ocrx_word' id='word_1_21' title='bbox 225 587 266 663; x_wconf 82' lang='lat' dir='ltr'><strong>ad</strong></span> <span class='ocrx_word' id='word_1_22' title='bbox 286 589 470 686; x_wconf 78' lang='lat' dir='ltr'><strong>nosredeat</strong></span> <span class='ocrx_word' id='word_1_23' title='bbox 486 587 688 682; x_wconf 80' lang='lat' dir='ltr'><strong>praemium,</strong></span> <span class='ocrx_word' id='word_1_24' title='bbox 712 586 748 654; x_wconf 92' lang='lat' dir='ltr'><strong>id</strong></span> <span class='ocrx_word' id='word_1_25' title='bbox 766 589 855 682; x_wconf 90' lang='lat' dir='ltr'><strong>quod</strong></span> <span class='ocrx_word' id='word_1_26' title='bbox 880 615 939 684; x_wconf 81' lang='lat' dir='ltr'><strong>per</strong></span> <span class='ocrx_word' id='word_1_27' title='bbox 963 589 1115 658; x_wconf 81' lang='lat' dir='ltr'><strong>inobedi-</strong></span> 
     </span>
     <span class='ocr_line' id='line_1_6' title="bbox 33 685 1107 745; baseline 0.001 -8"><span class='ocrx_word' id='word_1_28' title='bbox 33 685 138 738; x_wconf 76' lang='lat' dir='ltr'><strong>entiam</strong></span> <span class='ocrx_word' id='word_1_29' title='bbox 156 687 186 738; x_wconf 91' lang='lat' dir='ltr'><strong>et</strong></span> <span class='ocrx_word' id='word_1_30' title='bbox 225 691 621 745; x_wconf 82' lang='lat' dir='ltr'><strong>uaerrmusetmeremur,</strong></span> <span class='ocrx_word' id='word_1_31' title='bbox 714 709 716 721; x_wconf 51' lang='lat' dir='ltr'>v</span> <span class='ocrx_word' id='word_1_32' title='bbox 1101 701 1107 720; x_wconf 84' lang='lat'><strong>·</strong></span> 
     </span>
     <span class='ocr_line' id='line_1_7' title="bbox 102 697 1202 856; baseline 0.008 -36"><span class='ocrx_word' id='word_1_33' title='bbox 102 697 258 837; x_wconf 81' lang='lat' dir='ltr'><strong>Proinile,</strong></span> <span class='ocrx_word' id='word_1_34' title='bbox 281 756 308 823; x_wconf 93' lang='lat' dir='ltr'><strong>si</strong></span> <span class='ocrx_word' id='word_1_35' title='bbox 324 752 508 848; x_wconf 87' lang='lat' dir='ltr'><strong>persuaderi</strong></span> <span class='ocrx_word' id='word_1_36' title='bbox 528 756 640 825; x_wconf 81' lang='lat' dir='ltr'><strong>saltem</strong></span> <span class='ocrx_word' id='word_1_37' title='bbox 657 755 693 824; x_wconf 92' lang='lat' dir='ltr'><strong>id</strong></span> <span class='ocrx_word' id='word_1_38' title='bbox 710 757 806 828; x_wconf 89' lang='lat' dir='ltr'><strong>nobis</strong></span> <span class='ocrx_word' id='word_1_39' title='bbox 825 757 1006 852; x_wconf 74' lang='lat' dir='ltr'><strong>aliquando¹</strong></span> <span class='ocrx_word' id='word_1_40' title='bbox 1020 769 1115 856; x_wconf 73' lang='lat' dir='ltr'><strong>pate·¹</strong></span> <span class='ocrx_word' id='word_1_41' title='bbox 1200 779 1202 788; x_wconf 81' lang='grc'>’</span> 
     </span>
     <span class='ocr_line' id='line_1_8' title="bbox 32 838 1234 936; baseline 0.008 -33"><span class='ocrx_word' id='word_1_42' title='bbox 32 857 201 922; x_wconf 71' lang='lat' dir='ltr'><strong>remur,&#39;ut</strong></span> <span class='ocrx_word' id='word_1_43' title='bbox 217 843 441 923; x_wconf 76' lang='lat' dir='ltr'><strong>crederemus,</strong></span> <span class='ocrx_word' id='word_1_44' title='bbox 468 845 506 913; x_wconf 85' lang='lat' dir='ltr'><strong>iu</strong></span> <span class='ocrx_word' id='word_1_45' title='bbox 520 859 642 911; x_wconf 88' lang='lat' dir='ltr'><strong>tantum</strong></span> <span class='ocrx_word' id='word_1_46' title='bbox 659 841 737 910; x_wconf 77' lang='lat' dir='ltr'><strong>haec</strong></span> <span class='ocrx_word' id='word_1_47' title='bbox 754 842 851 936; x_wconf 81' lang='lat' dir='ltr'><strong>epeia</strong></span> <span class='ocrx_word' id='word_1_48' title='bbox 876 843 1003 936; x_wconf 85' lang='lat' dir='ltr'><strong>placere</strong></span> <span class='ocrx_word' id='word_1_49' title='bbox 1029 849 1112 926; x_wconf 80' lang='lat' dir='ltr'><strong>Deo,</strong></span> <span class='ocrx_word' id='word_1_50' title='bbox 1140 845 1147 859; x_wconf 85' lang='grc'><strong>’</strong></span> <span class='ocrx_word' id='word_1_51' title='bbox 1230 838 1234 866; x_wconf 90' lang='lat'>&#39;</span> 
     </span>
     <span class='ocr_line' id='line_1_9' title="bbox 31 925 1110 1036; baseline 0.007 -48"><span class='ocrx_word' id='word_1_52' title='bbox 31 935 144 1016; x_wconf 84' lang='lat' dir='ltr'><strong>tamque</strong></span> <span class='ocrx_word' id='word_1_53' title='bbox 160 949 212 992; x_wconf 87' lang='lat' dir='ltr'><strong>am</strong></span> <span class='ocrx_word' id='word_1_54' title='bbox 240 925 309 995; x_wconf 87' lang='lat' dir='ltr'><strong>lum</strong></span> <span class='ocrx_word' id='word_1_55' title='bbox 331 926 513 1030; x_wconf 73' lang='lat' dir='ltr'><strong>praemium</strong></span> <span class='ocrx_word' id='word_1_56' title='bbox 534 927 740 1036; x_wconf 65' lang='lat' dir='ltr'><strong>propositum</strong></span> <span class='ocrx_word' id='word_1_57' title='bbox 768 927 832 996; x_wconf 88' lang='lat' dir='ltr'><strong>s&#39;ibi</strong></span> <span class='ocrx_word' id='word_1_58' title='bbox 849 928 984 996; x_wconf 81' lang='lat' dir='ltr'><strong>habere:</strong></span> <span class='ocrx_word' id='word_1_59' title='bbox 1016 929 1110 1022; x_wconf 87' lang='lat' dir='ltr'><strong>equi-</strong></span> 
     </span>
     <span class='ocr_line' id='line_1_10' title="bbox 32 952 1111 1104; baseline 0.007 -32"><span class='ocrx_word' id='word_1_60' title='bbox 32 1005 139 1075; x_wconf 83' lang='lat' dir='ltr'><strong>demin</strong></span> <span class='ocrx_word' id='word_1_61' title='bbox 162 952 450 1082; x_wconf 73' lang='lat' dir='ltr'><strong>exuberantissima</strong></span> <span class='ocrx_word' id='word_1_62' title='bbox 472 1013 617 1081; x_wconf 66' lang='lat' dir='ltr'><strong>oxnnium</strong></span> <span class='ocrx_word' id='word_1_63' title='bbox 642 1033 750 1080; x_wconf 87' lang='lat' dir='ltr'><strong>rerum</strong></span> <span class='ocrx_word' id='word_1_64' title='bbox 774 1013 866 1103; x_wconf 82' lang='lat' dir='ltr'><strong>copia</strong></span> <span class='ocrx_word' id='word_1_65' title='bbox 889 1011 1111 1104; x_wconf 75' lang='lat' dir='ltr'><strong>felicissimam</strong></span> 
     </span>
     <span class='ocr_line' id='line_1_11' title="bbox 29 1092 1108 1196; baseline 0.007 -38"><span class='ocrx_word' id='word_1_66' title='bbox 29 1092 113 1160; x_wconf 78' lang='lat' dir='ltr'><strong>ritum</strong></span> <span class='ocrx_word' id='word_1_67' title='bbox 137 1094 342 1196; x_wconf 74' lang='lat' dir='ltr'><strong>degeremus,</strong></span> <span class='ocrx_word' id='word_1_68' title='bbox 385 1097 511 1180; x_wconf 79' lang='lat' dir='ltr'><strong>omnia,</strong></span> <span class='ocrx_word' id='word_1_69' title='bbox 546 1121 759 1190; x_wconf 86' lang='lat' dir='ltr'><strong>quaecunque</strong></span> <span class='ocrx_word' id='word_1_70' title='bbox 784 1096 948 1166; x_wconf 86' lang='lat' dir='ltr'><strong>humanus</strong></span> <span class='ocrx_word' id='word_1_71' title='bbox 980 1097 1108 1166; x_wconf 89' lang='lat' dir='ltr'><strong>animus</strong></span> 
     </span>
     <span class='ocr_line' id='line_1_12' title="bbox 29 1179 1107 1278; baseline 0.006 -36"><span class='ocrx_word' id='word_1_72' title='bbox 29 1179 225 1278; x_wconf 65' lang='lat' dir='ltr'><strong>coricuqisert,</strong></span> <span class='ocrx_word' id='word_1_73' title='bbox 248 1180 471 1276; x_wconf 62' lang='lat' dir='ltr'><strong>possidentes.v</strong></span> <span class='ocrx_word' id='word_1_74' title='bbox 508 1181 675 1274; x_wconf 62' lang='lat' dir='ltr'><strong>Quisvero</strong></span> <span class='ocrx_word' id='word_1_75' title='bbox 690 1195 757 1251; x_wconf 84' lang='lat' dir='ltr'><strong>tam</strong></span> <span class='ocrx_word' id='word_1_76' title='bbox 770 1179 903 1263; x_wconf 82' lang='lat' dir='ltr'><strong>leviter,</strong></span> <span class='ocrx_word' id='word_1_77' title='bbox 928 1199 960 1254; x_wconf 92' lang='lat' dir='ltr'><strong>et</strong></span> <span class='ocrx_word' id='word_1_78' title='bbox 971 1207 1011 1250; x_wconf 89' lang='lat' dir='ltr'><strong>ne</strong></span> <span class='ocrx_word' id='word_1_79' title='bbox 1031 1185 1107 1250; x_wconf 83' lang='lat' dir='ltr'><strong>uni-</strong></span> 
     </span>
     <span class='ocr_line' id='line_1_13' title="bbox 28 1265 1145 1379; baseline 0.01 -54"><span class='ocrx_word' id='word_1_80' title='bbox 28 1286 56 1328; x_wconf 92' lang='lat' dir='ltr'><strong>us</strong></span> <span class='ocrx_word' id='word_1_81' title='bbox 71 1267 195 1354; x_wconf 76' lang='lat' dir='ltr'><strong>quidem</strong></span> <span class='ocrx_word' id='word_1_82' title='bbox 215 1265 376 1347; x_wconf 73' lang='lat' dir='ltr'><strong>assis&#39;Dei</strong></span> <span class='ocrx_word' id='word_1_83' title='bbox 394 1269 527 1336; x_wconf 86' lang='lat' dir='ltr'><strong>verbum</strong></span> <span class='ocrx_word' id='word_1_84' title='bbox 543 1284 574 1337; x_wconf 85' lang='lat' dir='ltr'><strong>et</strong></span> <span class='ocrx_word' id='word_1_85' title='bbox 587 1281 802 1379; x_wconf 67' lang='lat' dir='ltr'><strong>qnneceptum</strong></span> <span class='ocrx_word' id='word_1_86' title='bbox 829 1265 1000 1338; x_wconf 79' lang='lat' dir='ltr'><strong>aestimare</strong></span> <span class='ocrx_word' id='word_1_87' title='bbox 1022 1268 1108 1336; x_wconf 60' lang='lat' dir='ltr'><strong>sole*</strong></span> <span class='ocrx_word' id='word_1_88' title='bbox 1140 1322 1145 1348; x_wconf 88' lang='lat'><strong>,</strong></span> 
     </span>
     <span class='ocr_line' id='line_1_14' title="bbox 28 1349 1121 1506; baseline 0.008 -95"><span class='ocrx_word' id='word_1_89' title='bbox 28 1371 95 1444; x_wconf 79' lang='lat' dir='ltr'><strong>mus,</strong></span> <span class='ocrx_word' id='word_1_90' title='bbox 118 1349 208 1440; x_wconf 80' lang='lat' dir='ltr'><strong>quusi</strong></span> <span class='ocrx_word' id='word_1_91' title='bbox 224 1354 326 1420; x_wconf 83' lang='lat' dir='ltr'><strong>Cares</strong></span> <span class='ocrx_word' id='word_1_92' title='bbox 342 1350 504 1506; x_wconf 58' lang='lat' dir='ltr'><strong>qnisqiam</strong></span> <span class='ocrx_word' id='word_1_93' title='bbox 518 1350 736 1428; x_wconf 77' lang='lat' dir='ltr'><strong>autlhressis</strong></span> <span class='ocrx_word' id='word_1_94' title='bbox 756 1349 933 1450; x_wconf 82' lang='lat' dir='ltr'><strong>homuncio</strong></span> <span class='ocrx_word' id='word_1_95' title='bbox 948 1349 1032 1449; x_wconf 84' lang='lat' dir='ltr'><strong>illud</strong></span> <span class='ocrx_word' id='word_1_96' title='bbox 1055 1353 1121 1450; x_wconf 58' lang='lat' dir='ltr'><strong>di&#39;31</strong></span> 
     </span>
     <span class='ocr_line' id='line_1_15' title="bbox 27 1433 1106 1530; baseline 0.013 -36"><span class='ocrx_word' id='word_1_97' title='bbox 27 1449 107 1500; x_wconf 79' lang='lat' dir='ltr'><strong>risset</strong></span> <span class='ocrx_word' id='word_1_98' title='bbox 124 1433 360 1529; x_wconf 75' lang='lat' dir='ltr'><strong>sensissetque,</strong></span> <span class='ocrx_word' id='word_1_99' title='bbox 379 1437 412 1504; x_wconf 88' lang='lat' dir='ltr'><strong>vi</strong></span> <span class='ocrx_word' id='word_1_100' title='bbox 437 1437 501 1504; x_wconf 89' lang='lat' dir='ltr'><strong>eris</strong></span> <span class='ocrx_word' id='word_1_101' title='bbox 515 1461 662 1530; x_wconf 91' lang='lat' dir='ltr'><strong>quoque,</strong></span> <span class='ocrx_word' id='word_1_102' title='bbox 685 1450 766 1504; x_wconf 80' lang='lat' dir='ltr'><strong>trum</strong></span> <span class='ocrx_word' id='word_1_103' title='bbox 783 1451 818 1504; x_wconf 91' lang='lat' dir='ltr'><strong>tu</strong></span> <span class='ocrx_word' id='word_1_104' title='bbox 831 1437 859 1504; x_wconf 91' lang='lat' dir='ltr'><strong>is</strong></span> <span class='ocrx_word' id='word_1_105' title='bbox 873 1463 923 1504; x_wconf 86' lang='lat' dir='ltr'><strong>vrr</strong></span> <span class='ocrx_word' id='word_1_106' title='bbox 945 1461 1025 1517; x_wconf 79' lang='lat' dir='ltr'><strong>sies,</strong></span> <span class='ocrx_word' id='word_1_107' title='bbox 1049 1461 1106 1529; x_wconf 87' lang='lat' dir='ltr'><strong>qm</strong></span> 
     </span>
     <span class='ocr_line' id='line_1_16' title="bbox 26 1519 1105 1614; baseline 0.008 -35"><span class='ocrx_word' id='word_1_108' title='bbox 26 1537 112 1610; x_wconf 82' lang='lat' dir='ltr'><strong>aequo</strong></span> <span class='ocrx_word' id='word_1_109' title='bbox 124 1523 231 1587; x_wconf 79' lang='lat' dir='ltr'><strong>Marte</strong></span> <span class='ocrx_word' id='word_1_110' title='bbox 247 1547 319 1589; x_wconf 89' lang='lat' dir='ltr'><strong>eum</strong></span> <span class='ocrx_word' id='word_1_111' title='bbox 336 1519 394 1588; x_wconf 90' lang='lat' dir='ltr'><strong>illo</strong></span> <span class='ocrx_word' id='word_1_112' title='bbox 410 1522 514 1614; x_wconf 83' lang='lat' dir='ltr'><strong>possit</strong></span> <span class='ocrx_word' id='word_1_113' title='bbox 533 1522 569 1592; x_wconf 89' lang='lat' dir='ltr'><strong>in</strong></span> <span class='ocrx_word' id='word_1_114' title='bbox 589 1545 722 1592; x_wconf 82' lang='lat' dir='ltr'><strong>arenam</strong></span> <span class='ocrx_word' id='word_1_115' title='bbox 745 1519 950 1592; x_wconf 78' lang='lat' dir='ltr'><strong>descendere,</strong></span> <span class='ocrx_word' id='word_1_116' title='bbox 994 1525 1105 1607; x_wconf 81' lang='lat' dir='ltr'><strong>Quam</strong></span> 
     </span>
     <span class='ocr_line' id='line_1_17' title="bbox 25 1599 1104 1699; baseline 0.007 -35"><span class='ocrx_word' id='word_1_117' title='bbox 25 1623 88 1666; x_wconf 82' lang='lat' dir='ltr'><strong>vero</strong></span> <span class='ocrx_word' id='word_1_118' title='bbox 104 1599 334 1677; x_wconf 80' lang='lat' dir='ltr'><strong>diffielle&#39;factu</strong></span> <span class='ocrx_word' id='word_1_119' title='bbox 361 1603 422 1682; x_wconf 82' lang='lat' dir='ltr'><strong>hoc</strong></span> <span class='ocrx_word' id='word_1_120' title='bbox 439 1606 487 1673; x_wconf 91' lang='lat' dir='ltr'><strong>illi</strong></span> <span class='ocrx_word' id='word_1_121' title='bbox 505 1608 584 1689; x_wconf 91' lang='lat' dir='ltr'><strong>erit,</strong></span> <span class='ocrx_word' id='word_1_122' title='bbox 612 1623 648 1676; x_wconf 92' lang='lat' dir='ltr'><strong>ut</strong></span> <span class='ocrx_word' id='word_1_123' title='bbox 662 1622 692 1673; x_wconf 87' lang='lat' dir='ltr'><strong>te</strong></span> <span class='ocrx_word' id='word_1_124' title='bbox 715 1604 901 1699; x_wconf 87' lang='lat' dir='ltr'><strong>persolvens</strong></span> <span class='ocrx_word' id='word_1_125' title='bbox 921 1619 1010 1674; x_wconf 87' lang='lat' dir='ltr'><strong>tuam</strong></span> <span class='ocrx_word' id='word_1_126' title='bbox 1026 1621 1104 1674; x_wconf 58' lang='lat' dir='ltr'><strong>corr*-</strong></span> 
     </span>
     <span class='ocr_line' id='line_1_18' title="bbox 24 1681 1103 1782; baseline 0.009 -34"><span class='ocrx_word' id='word_1_127' title='bbox 24 1685 123 1754; x_wconf 86' lang='lat' dir='ltr'><strong>tundat</strong></span> <span class='ocrx_word' id='word_1_128' title='bbox 138 1681 317 1758; x_wconf 66' lang='lat' dir='ltr'><strong>ferociam?</strong></span> <span class='ocrx_word' id='word_1_129' title='bbox 341 1690 458 1776; x_wconf 80' lang='lat' dir='ltr'><strong>Quare</strong></span> <span class='ocrx_word' id='word_1_130' title='bbox 470 1692 573 1760; x_wconf 89' lang='lat' dir='ltr'><strong>multo</strong></span> <span class='ocrx_word' id='word_1_131' title='bbox 598 1690 731 1782; x_wconf 87' lang='lat' dir='ltr'><strong>quidem</strong></span> <span class='ocrx_word' id='word_1_132' title='bbox 751 1689 833 1760; x_wconf 88' lang='lat' dir='ltr'><strong>mibi</strong></span> <span class='ocrx_word' id='word_1_133' title='bbox 850 1689 1103 1762; x_wconf 84' lang='lat' dir='ltr'><strong>&#39;videretureon-</strong></span> 
     </span>
     <span class='ocr_line' id='line_1_19' title="bbox 24 1767 1104 1876; baseline 0.008 -44"><span class='ocrx_word' id='word_1_134' title='bbox 24 1767 125 1840; x_wconf 88' lang='lat' dir='ltr'><strong>sultius</strong></span> <span class='ocrx_word' id='word_1_135' title='bbox 142 1786 173 1842; x_wconf 79' lang='lat' dir='ltr'><strong>et</strong></span> <span class='ocrx_word' id='word_1_136' title='bbox 184 1773 426 1876; x_wconf 77' lang='lat' dir='ltr'><strong>praestabilius,</strong></span> <span class='ocrx_word' id='word_1_137' title='bbox 448 1777 618 1869; x_wconf 81' lang='lat' dir='ltr'><strong>magisque</strong></span> <span class='ocrx_word' id='word_1_138' title='bbox 635 1775 669 1848; x_wconf 86' lang='lat' dir='ltr'><strong>in</strong></span> <span class='ocrx_word' id='word_1_139' title='bbox 684 1801 753 1844; x_wconf 90' lang='lat' dir='ltr'><strong>rem</strong></span> <span class='ocrx_word' id='word_1_140' title='bbox 769 1778 860 1844; x_wconf 83' lang='lat' dir='ltr'><strong>tu&#39;am</strong></span> <span class='ocrx_word' id='word_1_141' title='bbox 875 1775 973 1858; x_wconf 65' lang='lat' dir='ltr'><strong>soret,</strong></span> <span class='ocrx_word' id='word_1_142' title='bbox 991 1789 1027 1842; x_wconf 95' lang='lat' dir='ltr'><strong>ut</strong></span> <span class='ocrx_word' id='word_1_143' title='bbox 1040 1785 1104 1868; x_wconf 55' lang='lat' dir='ltr'><strong>pois</strong></span> 
     </span>
     <span class='ocr_line' id='line_1_20' title="bbox 23 1851 1181 1960; baseline 0.008 -42"><span class='ocrx_word' id='word_1_144' title='bbox 23 1851 73 1922; x_wconf 90' lang='lat' dir='ltr'><strong>tius</strong></span> <span class='ocrx_word' id='word_1_145' title='bbox 86 1855 118 1922; x_wconf 92' lang='lat' dir='ltr'><strong>in</strong></span> <span class='ocrx_word' id='word_1_146' title='bbox 130 1861 193 1936; x_wconf 80' lang='lat' dir='ltr'><strong>Der</strong></span> <span class='ocrx_word' id='word_1_147' title='bbox 206 1859 340 1942; x_wconf 86' lang='lat' dir='ltr'><strong>favore,</strong></span> <span class='ocrx_word' id='word_1_148' title='bbox 369 1885 448 1954; x_wconf 83' lang='lat' dir='ltr'><strong>pace</strong></span> <span class='ocrx_word' id='word_1_149' title='bbox 463 1887 502 1930; x_wconf 86' lang='lat' dir='ltr'><strong>ac</strong></span> <span class='ocrx_word' id='word_1_150' title='bbox 519 1861 643 1952; x_wconf 83' lang='lat' dir='ltr'><strong>gratia,</strong></span> <span class='ocrx_word' id='word_1_151' title='bbox 675 1885 781 1960; x_wconf 84' lang='lat' dir='ltr'><strong>neque</strong></span> <span class='ocrx_word' id='word_1_152' title='bbox 803 1885 869 1928; x_wconf 91' lang='lat' dir='ltr'><strong>non</strong></span> <span class='ocrx_word' id='word_1_153' title='bbox 883 1860 970 1928; x_wconf 83' lang='lat' dir='ltr'><strong>felici</strong></span> <span class='ocrx_word' id='word_1_154' title='bbox 991 1877 1101 1928; x_wconf 89' lang='lat' dir='ltr'><strong>rerum</strong></span> <span class='ocrx_word' id='word_1_155' title='bbox 1178 1869 1181 1878; x_wconf 85' lang='lat'><em>&#39;</em></span> 
     </span>
     <span class='ocr_line' id='line_1_21' title="bbox 23 1943 1102 2039; baseline 0.009 -37"><span class='ocrx_word' id='word_1_156' title='bbox 23 1961 151 2010; x_wconf 89' lang='lat' dir='ltr'><strong>successu</strong></span> <span class='ocrx_word' id='word_1_157' title='bbox 167 1944 310 2026; x_wconf 83' lang='lat' dir='ltr'><strong>viveres,</strong></span> <span class='ocrx_word' id='word_1_158' title='bbox 330 1957 430 2039; x_wconf 85' lang='lat' dir='ltr'><strong>&#39;quam</strong></span> <span class='ocrx_word' id='word_1_159' title='bbox 448 1948 563 2016; x_wconf 84' lang='lat' dir='ltr'><strong>eedem</strong></span> <span class='ocrx_word' id='word_1_160' title='bbox 579 1945 638 2016; x_wconf 89' lang='lat' dir='ltr'><strong>tibi</strong></span> <span class='ocrx_word' id='word_1_161' title='bbox 654 1943 817 2015; x_wconf 78' lang='lat' dir='ltr'><strong>hostiliter</strong></span> <span class='ocrx_word' id='word_1_162' title='bbox 840 1946 1029 2014; x_wconf 83' lang='lat' dir='ltr'><strong>adversante</strong></span> <span class='ocrx_word' id='word_1_163' title='bbox 1038 1978 1055 2027; x_wconf 87' lang='lat'><strong>,·</strong></span> <span class='ocrx_word' id='word_1_164' title='bbox 1069 1959 1102 2012; x_wconf 87' lang='lat' dir='ltr'><strong>et</strong></span> 
     </span>
     <span class='ocr_line' id='line_1_22' title="bbox 22 2019 1103 2128; baseline 0.009 -42"><span class='ocrx_word' id='word_1_165' title='bbox 22 2019 137 2096; x_wconf 85' lang='lat' dir='ltr'><strong>inimico</strong></span> <span class='ocrx_word' id='word_1_166' title='bbox 152 2031 320 2102; x_wconf 76' lang='lat' dir='ltr'><strong>existente.</strong></span> <span class='ocrx_word' id='word_1_167' title='bbox 372 2031 546 2100; x_wconf 81' lang='lat' dir='ltr'><strong>Undenam</strong></span> <span class='ocrx_word' id='word_1_168' title='bbox 571 2047 668 2125; x_wconf 85' lang='lat' dir='ltr'><strong>putas</strong></span> <span class='ocrx_word' id='word_1_169' title='bbox 692 2027 880 2100; x_wconf 86' lang='lat' dir='ltr'><strong>universum</strong></span> <span class='ocrx_word' id='word_1_170' title='bbox 897 2034 971 2128; x_wconf 78' lang='lat' dir='ltr'><strong>jam</strong></span> <span class='ocrx_word' id='word_1_171' title='bbox 987 2031 1103 2098; x_wconf 85' lang='lat' dir='ltr'><strong>orbem</strong></span> 
     </span>
     <span class='ocr_line' id='line_1_23' title="bbox 20 2108 1102 2214; baseline 0.011 -44"><span class='ocrx_word' id='word_1_172' title='bbox 20 2108 157 2182; x_wconf 77' lang='lat' dir='ltr'><strong>refertum</strong></span> <span class='ocrx_word' id='word_1_173' title='bbox 175 2139 246 2204; x_wconf 77' lang='lat' dir='ltr'><strong>esse</strong></span> <span class='ocrx_word' id='word_1_174' title='bbox 267 2115 421 2208; x_wconf 83' lang='lat' dir='ltr'><strong>pertidia,</strong></span> <span class='ocrx_word' id='word_1_175' title='bbox 452 2115 598 2197; x_wconf 86' lang='lat' dir='ltr'><strong>malitia,</strong></span> <span class='ocrx_word' id='word_1_176' title='bbox 622 2115 810 2191; x_wconf 86' lang='lat' dir='ltr'><strong>sceleribus,</strong></span> <span class='ocrx_word' id='word_1_177' title='bbox 832 2129 968 2214; x_wconf 75' lang='lat' dir='ltr'><strong>rapina,</strong></span> <span class='ocrx_word' id='word_1_178' title='bbox 992 2115 1102 2198; x_wconf 76' lang='lat' dir='ltr'><strong>caede,</strong></span> 
     </span>
     <span class='ocr_line' id='line_1_24' title="bbox 20 2195 1101 2344; baseline 0.006 -85"><span class='ocrx_word' id='word_1_179' title='bbox 20 2195 173 2344; x_wconf 70' lang='lat' dir='ltr'><strong>qerj‘uriis,</strong></span> <span class='ocrx_word' id='word_1_180' title='bbox 197 2197 390 2284; x_wconf 85' lang='lat' dir='ltr'><strong>latrocinio,</strong></span> <span class='ocrx_word' id='word_1_181' title='bbox 426 2200 583 2292; x_wconf 86' lang='lat' dir='ltr'><strong>omnique</strong></span> <span class='ocrx_word' id='word_1_182' title='bbox 607 2223 734 2291; x_wconf 82' lang='lat' dir='ltr'><strong>genere·</strong></span> <span class='ocrx_word' id='word_1_183' title='bbox 757 2198 979 2270; x_wconf 76' lang='lat' dir='ltr'><strong>calamitatum</strong></span> <span class='ocrx_word' id='word_1_184' title='bbox 1001 2216 1101 2292; x_wconf 87' lang='lat' dir='ltr'><strong>atque</strong></span> 
     </span>
     <span class='ocr_line' id='line_1_25' title="bbox 38 2279 1263 2376; baseline 0.001 -32"><span class='ocrx_word' id='word_1_185' title='bbox 38 2279 185 2366; x_wconf 90' lang='lat' dir='ltr'><strong>edecoris,</strong></span> <span class='ocrx_word' id='word_1_186' title='bbox 233 2307 309 2352; x_wconf 92' lang='lat' dir='ltr'><strong>uam</strong></span> <span class='ocrx_word' id='word_1_187' title='bbox 323 2285 524 2376; x_wconf 87' lang='lat' dir='ltr'><strong>quodnemo</strong></span> <span class='ocrx_word' id='word_1_188' title='bbox 540 2284 637 2354; x_wconf 87' lang='lat' dir='ltr'><strong>alieni</strong></span> <span class='ocrx_word' id='word_1_189' title='bbox 652 2283 780 2376; x_wconf 86' lang='lat' dir='ltr'><strong>imperii</strong></span> <span class='ocrx_word' id='word_1_190' title='bbox 793 2286 908 2374; x_wconf 73' lang='lat' dir='ltr'><strong>jugum</strong></span> <span class='ocrx_word' id='word_1_191' title='bbox 934 2283 1017 2370; x_wconf 84' lang='lat' dir='ltr'><strong>serre</strong></span> <span class='ocrx_word' id='word_1_192' title='bbox 1042 2307 1101 2350; x_wconf 53' lang='lat' dir='ltr'><strong>su«</strong></span> <span class='ocrx_word' id='word_1_193' title='bbox 1197 2303 1202 2317; x_wconf 83' lang='lat'><strong>·</strong></span> <span class='ocrx_word' id='word_1_194' title='bbox 1257 2299 1263 2318; x_wconf 75' lang='lat'><strong><em>⁹</em></strong></span> 
     </span>
     <span class='ocr_line' id='line_1_26' title="bbox 20 2310 1124 2472; baseline 0.005 -44"><span class='ocrx_word' id='word_1_195' title='bbox 20 2362 132 2450; x_wconf 67' lang='lat' dir='ltr'><strong>suncti,</strong></span> <span class='ocrx_word' id='word_1_196' title='bbox 145 2310 235 2464; x_wconf 72' lang='lat' dir='ltr'><strong>qudd</strong></span> <span class='ocrx_word' id='word_1_197' title='bbox 250 2371 389 2472; x_wconf 88' lang='lat' dir='ltr'><strong>quisque</strong></span> <span class='ocrx_word' id='word_1_198' title='bbox 406 2367 506 2451; x_wconf 88' lang='lat' dir='ltr'><strong>liber,</strong></span> <span class='ocrx_word' id='word_1_199' title='bbox 532 2371 672 2466; x_wconf 88' lang='lat' dir='ltr'><strong>quisque</strong></span> <span class='ocrx_word' id='word_1_200' title='bbox 687 2369 736 2436; x_wconf 91' lang='lat' dir='ltr'><strong>sui</strong></span> <span class='ocrx_word' id='word_1_201' title='bbox 751 2368 836 2462; x_wconf 79' lang='lat' dir='ltr'><strong>juris</strong></span> <span class='ocrx_word' id='word_1_202' title='bbox 849 2377 904 2437; x_wconf 79' lang='grc' dir='ltr'><strong>καὶ</strong></span> <span class='ocrx_word' id='word_1_203' title='bbox 918 2368 1103 2454; x_wconf 71' lang='grc' dir='ltr'>αὐτόνομος</span> <span class='ocrx_word' id='word_1_204' title='bbox 1121 2448 1124 2458; x_wconf 33' lang='grc' dir='ltr'>Ι</span> 
     </span>
     <span class='ocr_line' id='line_1_27' title="bbox 21 2453 1100 2550; baseline 0 -36"><span class='ocrx_word' id='word_1_205' title='bbox 21 2472 75 2518; x_wconf 83' lang='lat' dir='ltr'><strong>esse</strong></span> <span class='ocrx_word' id='word_1_206' title='bbox 89 2469 231 2537; x_wconf 85' lang='lat' dir='ltr'><strong>conatur,</strong></span> <span class='ocrx_word' id='word_1_207' title='bbox 255 2479 483 2550; x_wconf 80' lang='lat' dir='ltr'><strong>neminemque</strong></span> <span class='ocrx_word' id='word_1_208' title='bbox 502 2454 642 2522; x_wconf 87' lang='lat' dir='ltr'><strong>r&#39;evereri</strong></span> <span class='ocrx_word' id='word_1_209' title='bbox 656 2469 714 2520; x_wconf 86' lang='lat' dir='ltr'><strong>aut</strong></span> <span class='ocrx_word' id='word_1_210' title='bbox 722 2470 876 2533; x_wconf 85' lang='lat' dir='ltr'><strong>metuere,</strong></span> <span class='ocrx_word' id='word_1_211' title='bbox 899 2455 966 2534; x_wconf 89' lang='lat' dir='ltr'><strong>sed,</strong></span> <span class='ocrx_word' id='word_1_212' title='bbox 990 2453 1100 2547; x_wconf 74' lang='lat' dir='ltr'><strong>quod..</strong></span> 
     </span>
     <span class='ocr_line' id='line_1_28' title="bbox 20 2535 1100 2632; baseline 0.006 -35"><span class='ocrx_word' id='word_1_213' title='bbox 20 2555 127 2632; x_wconf 88' lang='lat' dir='ltr'><strong>cunque</strong></span> <span class='ocrx_word' id='word_1_214' title='bbox 143 2537 255 2608; x_wconf 86' lang='lat' dir='ltr'><strong>animo</strong></span> <span class='ocrx_word' id='word_1_215' title='bbox 271 2565 332 2608; x_wconf 90' lang='lat' dir='ltr'><strong>suo</strong></span> <span class='ocrx_word' id='word_1_216' title='bbox 348 2539 457 2608; x_wconf 75' lang='lat' dir='ltr'><strong>&#39;visum</strong></span> <span class='ocrx_word' id='word_1_217' title='bbox 472 2556 529 2608; x_wconf 86' lang='lat' dir='ltr'><strong>aut</strong></span> <span class='ocrx_word' id='word_1_218' title='bbox 541 2538 673 2606; x_wconf 82' lang='lat' dir='ltr'><strong>libitum</strong></span> <span class='ocrx_word' id='word_1_219' title='bbox 691 2554 762 2621; x_wconf 92' lang='lat' dir='ltr'><strong>cst,</strong></span> <span class='ocrx_word' id='word_1_220' title='bbox 782 2535 886 2609; x_wconf 82' lang='lat' dir='ltr'><strong>lacere</strong></span> <span class='ocrx_word' id='word_1_221' title='bbox 901 2538 995 2606; x_wconf 72' lang='lat' dir='ltr'><strong>vult?</strong></span> <span class='ocrx_word' id='word_1_222' title='bbox 1018 2539 1100 2611; x_wconf 80' lang='lat' dir='ltr'><strong>lude</strong></span> 
     </span>
     <span class='ocr_line' id='line_1_29' title="bbox 20 2616 1097 2720; baseline 0.005 -35"><span class='ocrx_word' id='word_1_223' title='bbox 20 2616 62 2697; x_wconf 83' lang='lat' dir='ltr'><strong>lit,</strong></span> <span class='ocrx_word' id='word_1_224' title='bbox 81 2637 115 2690; x_wconf 83' lang='lat' dir='ltr'><strong>nt</strong></span> <span class='ocrx_word' id='word_1_225' title='bbox 128 2628 218 2693; x_wconf 85' lang='lat' dir='ltr'><strong>Deus</strong></span> <span class='ocrx_word' id='word_1_226' title='bbox 234 2623 394 2706; x_wconf 78' lang='lat' dir='ltr'><strong>latronem</strong></span> <span class='ocrx_word' id='word_1_227' title='bbox 409 2623 535 2694; x_wconf 84' lang='lat' dir='ltr'><strong>latrone</strong></span> <span class='ocrx_word' id='word_1_228' title='bbox 558 2623 690 2720; x_wconf 82' lang='lat' dir='ltr'><strong>puniat,</strong></span> <span class='ocrx_word' id='word_1_229' title='bbox 713 2638 768 2703; x_wconf 88' lang='lat' dir='ltr'><strong>ut,</strong></span> <span class='ocrx_word' id='word_1_230' title='bbox 799 2622 856 2692; x_wconf 88' lang='lat' dir='ltr'><strong>ubi</strong></span> <span class='ocrx_word' id='word_1_231' title='bbox 880 2623 1013 2692; x_wconf 84' lang='lat' dir='ltr'><strong>domino</strong></span> <span class='ocrx_word' id='word_1_232' title='bbox 1038 2638 1097 2698; x_wconf 80' lang='lat' dir='ltr'><strong>tuo</strong></span> 
     </span>
     <span class='ocr_line' id='line_1_30' title="bbox 19 2699 1096 2806; baseline 0.004 -37"><span class='ocrx_word' id='word_1_233' title='bbox 19 2699 227 2798; x_wconf 73' lang='lat' dir='ltr'><strong>fraudulenter</strong></span> <span class='ocrx_word' id='word_1_234' title='bbox 257 2707 470 2804; x_wconf 84' lang='lat' dir='ltr'><strong>imposueris,</strong></span> <span class='ocrx_word' id='word_1_235' title='bbox 510 2725 565 2778; x_wconf 82' lang='lat' dir='ltr'><strong>aut</strong></span> <span class='ocrx_word' id='word_1_236' title='bbox 589 2709 727 2778; x_wconf 84' lang='lat' dir='ltr'><strong>eundem</strong></span> <span class='ocrx_word' id='word_1_237' title='bbox 758 2709 903 2800; x_wconf 88' lang='lat' dir='ltr'><strong>superbe</strong></span> <span class='ocrx_word' id='word_1_238' title='bbox 916 2706 1096 2806; x_wconf 76' lang='lat' dir='ltr'><strong>spreveris,</strong></span> 
     </span>
     <span class='ocr_line' id='line_1_31' title="bbox 18 2784 1095 2898; baseline 0.009 -50"><span class='ocrx_word' id='word_1_239' title='bbox 18 2784 86 2856; x_wconf 79' lang='lat' dir='ltr'><strong>alius</strong></span> <span class='ocrx_word' id='word_1_240' title='bbox 99 2791 222 2876; x_wconf 87' lang='lat' dir='ltr'><strong>veniat,</strong></span> <span class='ocrx_word' id='word_1_241' title='bbox 247 2795 305 2898; x_wconf 88' lang='lat' dir='ltr'><strong>qui</strong></span> <span class='ocrx_word' id='word_1_242' title='bbox 319 2795 431 2868; x_wconf 83' lang='lat' dir='ltr'><strong>eadem</strong></span> <span class='ocrx_word' id='word_1_243' title='bbox 450 2800 601 2864; x_wconf 85' lang='lat' dir='ltr'><strong>mensura</strong></span> <span class='ocrx_word' id='word_1_244' title='bbox 620 2793 903 2862; x_wconf 82' lang='lat' dir='ltr'><strong>tibi&#39;remetiatur:</strong></span> <span class='ocrx_word' id='word_1_245' title='bbox 917 2793 993 2862; x_wconf 91' lang='lat' dir='ltr'><strong>&#39;imo</strong></span> <span class='ocrx_word' id='word_1_246' title='bbox 1008 2807 1044 2860; x_wconf 75' lang='lat' dir='ltr'><strong>&#39;et</strong></span> <span class='ocrx_word' id='word_1_247' title='bbox 1059 2817 1095 2858; x_wconf 90' lang='lat' dir='ltr'><strong>m</strong></span> 
     </span>
     <span class='ocr_line' id='line_1_32' title="bbox 18 2875 1162 3026; baseline 0.007 -90"><span class='ocrx_word' id='word_1_248' title='bbox 18 2875 146 3026; x_wconf 66' lang='lat' dir='ltr'><strong>prqqsriis</strong></span> <span class='ocrx_word' id='word_1_249' title='bbox 168 2877 294 2980; x_wconf 76' lang='lat' dir='ltr'><strong>laribus.</strong></span> <span class='ocrx_word' id='word_1_250' title='bbox 315 2879 358 2948; x_wconf 85' lang='lat' dir='ltr'><strong>ab</strong></span> <span class='ocrx_word' id='word_1_251' title='bbox 380 2903 496 2963; x_wconf 87' lang='lat' dir='ltr'><strong>uxore,</strong></span> <span class='ocrx_word' id='word_1_252' title='bbox 526 2879 639 2949; x_wconf 89' lang='lat' dir='ltr'><strong>liberis</strong></span> <span class='ocrx_word' id='word_1_253' title='bbox 664 2895 696 2948; x_wconf 90' lang='lat' dir='ltr'><strong>et</strong></span> <span class='ocrx_word' id='word_1_254' title='bbox 709 2877 837 2950; x_wconf 81' lang='lat' dir='ltr'><strong>familia</strong></span> <span class='ocrx_word' id='word_1_255' title='bbox 853 2877 1002 2978; x_wconf 80' lang='lat' dir='ltr'><strong>&#39;decuplo</strong></span> <span class='ocrx_word' id='word_1_256' title='bbox 1018 2875 1099 2970; x_wconf 87' lang='lat' dir='ltr'><strong>plus</strong></span> <span class='ocrx_word' id='word_1_257' title='bbox 1147 2891 1162 2896; x_wconf 82' lang='grc'><strong>““</strong></span> 
     </span>
     <span class='ocr_line' id='line_1_33' title="bbox 19 2977 1123 3054; baseline 0.009 -32"><span class='ocrx_word' id='word_1_258' title='bbox 19 2977 50 3044; x_wconf 87' lang='lat' dir='ltr'><strong>pc</strong></span> <span class='ocrx_word' id='word_1_259' title='bbox 80 2985 145 3030; x_wconf 91' lang='lat' dir='ltr'><strong>erre</strong></span> <span class='ocrx_word' id='word_1_260' title='bbox 163 2979 300 3054; x_wconf 73' lang='lat' dir='ltr'><strong>cogaris.</strong></span> <span class='ocrx_word' id='word_1_261' title='bbox 374 3019 405 3048; x_wconf 8' lang='grc' dir='ltr'><strong>,Ἴ</strong></span> <span class='ocrx_word' id='word_1_262' title='bbox 729 3040 731 3048; x_wconf 40' lang='grc'><strong>,</strong></span> <span class='ocrx_word' id='word_1_263' title='bbox 1013 2992 1017 3004; x_wconf 87' lang='lat'>·</span> <span class='ocrx_word' id='word_1_264' title='bbox 1079 2981 1081 2986; x_wconf 82' lang='grc'>’</span> <span class='ocrx_word' id='word_1_265' title='bbox 1110 3001 1123 3015; x_wconf 50' lang='lat'><strong>·2</strong></span> 
     </span>
     <span class='ocr_line' id='line_1_34' title="bbox 87 3043 1096 3149; baseline -0.002 -37"><span class='ocrx_word' id='word_1_266' title='bbox 87 3047 251 3118; x_wconf 70' lang='lat' dir='ltr'><strong>Sensimus</strong></span> <span class='ocrx_word' id='word_1_267' title='bbox 272 3049 422 3149; x_wconf 86' lang='lat' dir='ltr'><strong>equidem</strong></span> <span class='ocrx_word' id='word_1_268' title='bbox 436 3047 525 3118; x_wconf 78' lang='lat' dir='ltr'><strong>haud</strong></span> <span class='ocrx_word' id='word_1_269' title='bbox 544 3048 679 3116; x_wconf 83' lang='lat' dir='ltr'><strong>obscure</strong></span> <span class='ocrx_word' id='word_1_270' title='bbox 694 3063 842 3115; x_wconf 88' lang='lat' dir='ltr'><strong>nostrum</strong></span> <span class='ocrx_word' id='word_1_271' title='bbox 863 3043 1096 3127; x_wconf 83' lang='lat' dir='ltr'><strong>infortunium,</strong></span> 
     </span>
     <span class='ocr_line' id='line_1_35' title="bbox 17 3131 1094 3228; baseline 0.002 -32"><span class='ocrx_word' id='word_1_272' title='bbox 17 3147 238 3205; x_wconf 80' lang='lat' dir='ltr'><strong>murmurantes</strong></span> <span class='ocrx_word' id='word_1_273' title='bbox 255 3150 285 3202; x_wconf 88' lang='lat' dir='ltr'><strong>et</strong></span> <span class='ocrx_word' id='word_1_274' title='bbox 299 3149 530 3228; x_wconf 73' lang='lat' dir='ltr'><strong>conquerentes</strong></span> <span class='ocrx_word' id='word_1_275' title='bbox 555 3134 594 3202; x_wconf 90' lang='lat' dir='ltr'><strong>de</strong></span> <span class='ocrx_word' id='word_1_276' title='bbox 617 3132 770 3222; x_wconf 79' lang='lat' dir='ltr'><strong>perfidia,</strong></span> <span class='ocrx_word' id='word_1_277' title='bbox 793 3131 842 3214; x_wconf 82' lang='lat' dir='ltr'><strong>vi,</strong></span> <span class='ocrx_word' id='word_1_278' title='bbox 864 3131 1004 3218; x_wconf 76' lang='lat' dir='ltr'><strong>injuria:</strong></span> <span class='ocrx_word' id='word_1_279' title='bbox 1036 3132 1094 3198; x_wconf 92' lang='lat' dir='ltr'><strong>sed</strong></span> 
     </span>
     <span class='ocr_line' id='line_1_36' title="bbox 17 3211 1188 3310; baseline 0.004 -33"><span class='ocrx_word' id='word_1_280' title='bbox 17 3211 129 3306; x_wconf 82' lang='lat' dir='ltr'><strong>iuterim</strong></span> <span class='ocrx_word' id='word_1_281' title='bbox 145 3217 266 3286; x_wconf 90' lang='lat' dir='ltr'><strong>clausis</strong></span> <span class='ocrx_word' id='word_1_282' title='bbox 281 3219 380 3288; x_wconf 92' lang='lat' dir='ltr'><strong>oculis</strong></span> <span class='ocrx_word' id='word_1_283' title='bbox 396 3217 524 3310; x_wconf 80' lang='lat' dir='ltr'><strong>egregie</strong></span> <span class='ocrx_word' id='word_1_284' title='bbox 540 3217 801 3298; x_wconf 81' lang='lat' dir='ltr'><strong>dissimulamus,</strong></span> <span class='ocrx_word' id='word_1_285' title='bbox 816 3239 875 3283; x_wconf 89' lang='lat' dir='ltr'><strong>nos</strong></span> <span class='ocrx_word' id='word_1_286' title='bbox 893 3217 984 3310; x_wconf 83' lang='lat' dir='ltr'><strong>ipsos.</strong></span> <span class='ocrx_word' id='word_1_287' title='bbox 1002 3215 1101 3284; x_wconf 86' lang='lat' dir='ltr'><strong>intus.</strong></span> <span class='ocrx_word' id='word_1_288' title='bbox 1115 3293 1119 3308; x_wconf 32' lang='grc' dir='ltr'>Ι</span> <span class='ocrx_word' id='word_1_289' title='bbox 1186 3225 1188 3230; x_wconf 87' lang='grc'><strong>’</strong></span> 
     </span>
     <span class='ocr_line' id='line_1_37' title="bbox 15 3295 1120 3404; baseline 0.005 -42"><span class='ocrx_word' id='word_1_290' title='bbox 15 3311 41 3362; x_wconf 84' lang='lat' dir='ltr'><strong>et</strong></span> <span class='ocrx_word' id='word_1_291' title='bbox 51 3295 82 3364; x_wconf 92' lang='lat' dir='ltr'><strong>in</strong></span> <span class='ocrx_word' id='word_1_292' title='bbox 105 3317 175 3370; x_wconf 84' lang='lat' dir='ltr'><strong>cute</strong></span> <span class='ocrx_word' id='word_1_293' title='bbox 196 3303 375 3374; x_wconf 85' lang='lat' dir='ltr'><strong>nebulones</strong></span> <span class='ocrx_word' id='word_1_294' title='bbox 403 3327 472 3388; x_wconf 86' lang='lat' dir='ltr'><strong>esse</strong></span> <span class='ocrx_word' id='word_1_295' title='bbox 493 3301 749 3394; x_wconf 86' lang='lat' dir='ltr'><strong>perditissimos,</strong></span> <span class='ocrx_word' id='word_1_296' title='bbox 781 3302 838 3392; x_wconf 89' lang='lat' dir='ltr'><strong>qui</strong></span> <span class='ocrx_word' id='word_1_297' title='bbox 853 3299 1120 3404; x_wconf 64' lang='lat' dir='ltr'><strong>poeniendam·</strong></span> 
     </span>
     <span class='ocr_line' id='line_1_38' title="bbox 15 3383 1095 3468; baseline 0.005 -21"><span class='ocrx_word' id='word_1_298' title='bbox 15 3401 58 3450; x_wconf 79' lang='lat' dir='ltr'><strong>am</strong></span> <span class='ocrx_word' id='word_1_299' title='bbox 82 3383 199 3456; x_wconf 90' lang='lat' dir='ltr'><strong>llssime</strong></span> <span class='ocrx_word' id='word_1_300' title='bbox 225 3387 334 3455; x_wconf 88' lang='lat' dir='ltr'><strong>meriti</strong></span> <span class='ocrx_word' id='word_1_301' title='bbox 360 3388 482 3468; x_wconf 77' lang='lat' dir='ltr'><strong>simui,</strong></span> <span class='ocrx_word' id='word_1_302' title='bbox 512 3413 570 3455; x_wconf 87' lang='lat' dir='ltr'><strong>nec</strong></span> <span class='ocrx_word' id='word_1_303' title='bbox 592 3392 699 3454; x_wconf 81' lang='lat' dir='ltr'><strong>tamen</strong></span> <span class='ocrx_word' id='word_1_304' title='bbox 715 3386 765 3456; x_wconf 88' lang='lat' dir='ltr'><strong>vel</strong></span> <span class='ocrx_word' id='word_1_305' title='bbox 785 3385 948 3459; x_wconf 79' lang='lat' dir='ltr'><strong>tantillum</strong></span> <span class='ocrx_word' id='word_1_306' title='bbox 969 3402 1095 3455; x_wconf 81' lang='lat' dir='ltr'><strong>vitam</strong></span> 
     </span>
     <span class='ocr_line' id='line_1_39' title="bbox 16 3405 1093 3565; baseline 0.006 -32"><span class='ocrx_word' id='word_1_307' title='bbox 16 3405 119 3536; x_wconf 86' lang='lat' dir='ltr'><strong>melius</strong></span> <span class='ocrx_word' id='word_1_308' title='bbox 135 3487 331 3540; x_wconf 87' lang='lat' dir='ltr'><strong>commutata</strong></span> <span class='ocrx_word' id='word_1_309' title='bbox 345 3470 697 3565; x_wconf 84' lang='lat' dir='ltr'><strong>resipiscereanimum</strong></span> <span class='ocrx_word' id='word_1_310' title='bbox 714 3472 916 3543; x_wconf 79' lang='lat' dir='ltr'><strong>inducamus.</strong></span> <span class='ocrx_word' id='word_1_311' title='bbox 953 3469 1093 3540; x_wconf 88' lang='lat' dir='ltr'><strong>Nullum</strong></span> 
     </span>
     <span class='ocr_line' id='line_1_40' title="bbox 16 3544 1092 3650; baseline 0.004 -32"><span class='ocrx_word' id='word_1_312' title='bbox 16 3544 111 3622; x_wconf 86' lang='lat' dir='ltr'><strong>locum</strong></span> <span class='ocrx_word' id='word_1_313' title='bbox 124 3557 246 3646; x_wconf 81' lang='lat' dir='ltr'><strong>gratiae</strong></span> <span class='ocrx_word' id='word_1_314' title='bbox 261 3573 292 3625; x_wconf 86' lang='lat' dir='ltr'><strong>et</strong></span> <span class='ocrx_word' id='word_1_315' title='bbox 307 3557 454 3628; x_wconf 89' lang='lat' dir='ltr'><strong>felicitati</strong></span> <span class='ocrx_word' id='word_1_316' title='bbox 471 3557 559 3650; x_wconf 78' lang='lat' dir='ltr'><strong>apud</strong></span> <span class='ocrx_word' id='word_1_317' title='bbox 577 3578 638 3627; x_wconf 83' lang='lat' dir='ltr'><strong>nos</strong></span> <span class='ocrx_word' id='word_1_318' title='bbox 660 3554 721 3625; x_wconf 90' lang='lat' dir='ltr'><strong>reli</strong></span> <span class='ocrx_word' id='word_1_319' title='bbox 748 3581 826 3626; x_wconf 92' lang='lat' dir='ltr'><strong>uum</strong></span> <span class='ocrx_word' id='word_1_320' title='bbox 840 3556 995 3624; x_wconf 67' lang='lat' dir='ltr'><strong>facimus}</strong></span> <span class='ocrx_word' id='word_1_321' title='bbox 1017 3555 1092 3644; x_wconf 72' lang='lat' dir='ltr'><strong>jure</strong></span> 
     </span>
     <span class='ocr_line' id='line_1_41' title="bbox 17 3583 1091 3741; baseline 0 -36"><span class='ocrx_word' id='word_1_322' title='bbox 17 3657 82 3723; x_wconf 66' lang='lat' dir='ltr'><strong>ergo</strong></span> <span class='ocrx_word' id='word_1_323' title='bbox 98 3641 222 3741; x_wconf 81' lang='lat' dir='ltr'><strong>optimo</strong></span> <span class='ocrx_word' id='word_1_324' title='bbox 235 3641 375 3710; x_wconf 89' lang='lat' dir='ltr'><strong>nonnisi</strong></span> <span class='ocrx_word' id='word_1_325' title='bbox 391 3641 611 3710; x_wconf 82' lang='lat' dir='ltr'><strong>infortunium</strong></span> <span class='ocrx_word' id='word_1_326' title='bbox 625 3655 656 3708; x_wconf 85' lang='lat' dir='ltr'><strong>et</strong></span> <span class='ocrx_word' id='word_1_327' title='bbox 669 3583 892 3720; x_wconf 72' lang='lat' dir='ltr'><strong>aceluiratem,</strong></span> <span class='ocrx_word' id='word_1_328' title='bbox 907 3639 999 3722; x_wconf 84' lang='lat' dir='ltr'><strong>omni</strong></span> <span class='ocrx_word' id='word_1_329' title='bbox 1012 3639 1091 3707; x_wconf 86' lang='lat' dir='ltr'><strong>sub-</strong></span> 
     </span>
     <span class='ocr_line' id='line_1_42' title="bbox 16 3712 1109 3818; baseline 0.004 -30"><span class='ocrx_word' id='word_1_330' title='bbox 16 3712 70 3816; x_wconf 75' lang='lat' dir='ltr'><strong>lata</strong></span> <span class='ocrx_word' id='word_1_331' title='bbox 84 3728 312 3808; x_wconf 78' lang='lat' dir='ltr'><strong>misericordia,</strong></span> <span class='ocrx_word' id='word_1_332' title='bbox 337 3725 609 3818; x_wconf 87' lang='lat' dir='ltr'><strong>persentiscimus.</strong></span> <span class='ocrx_word' id='word_1_333' title='bbox 651 3729 696 3793; x_wconf 86' lang='lat' dir='ltr'><strong>Et</strong></span> <span class='ocrx_word' id='word_1_334' title='bbox 709 3725 858 3818; x_wconf 80' lang='lat' dir='ltr'><strong>prolecto</strong></span> <span class='ocrx_word' id='word_1_335' title='bbox 871 3751 968 3806; x_wconf 86' lang='lat' dir='ltr'><strong>reor,</strong></span> <span class='ocrx_word' id='word_1_336' title='bbox 987 3725 1109 3799; x_wconf 64' lang='lat' dir='ltr'><strong>adhuc„</strong></span> 
     </span>
     <span class='ocr_line' id='line_1_43' title="bbox 16 3803 1196 3906; baseline 0.002 -34"><span class='ocrx_word' id='word_1_337' title='bbox 16 3803 201 3878; x_wconf 74' lang='lat' dir='ltr'><strong>inhumanis</strong></span> <span class='ocrx_word' id='word_1_338' title='bbox 215 3836 284 3880; x_wconf 85' lang='lat' dir='ltr'><strong>esse</strong></span> <span class='ocrx_word' id='word_1_339' title='bbox 297 3809 415 3880; x_wconf 85' lang='lat' dir='ltr'><strong>alieubi</strong></span> <span class='ocrx_word' id='word_1_340' title='bbox 427 3811 501 3904; x_wconf 90' lang='lat' dir='ltr'><strong>pios</strong></span> <span class='ocrx_word' id='word_1_341' title='bbox 515 3835 551 3878; x_wconf 82' lang='lat' dir='ltr'><strong>ac</strong></span> <span class='ocrx_word' id='word_1_342' title='bbox 559 3809 682 3905; x_wconf 82' lang='lat' dir='ltr'><strong>probos</strong></span> <span class='ocrx_word' id='word_1_343' title='bbox 693 3807 855 3893; x_wconf 82' lang='lat' dir='ltr'><strong>homines,</strong></span> <span class='ocrx_word' id='word_1_344' title='bbox 876 3826 949 3878; x_wconf 85' lang='lat' dir='ltr'><strong>cum</strong></span> <span class='ocrx_word' id='word_1_345' title='bbox 962 3825 1090 3906; x_wconf 78' lang='lat' dir='ltr'><strong>tantum</strong></span> <span class='ocrx_word' id='word_1_346' title='bbox 1188 3871 1196 3879; x_wconf 61' lang='lat'>„</span> 
     </span>
     <span class='ocr_line' id='line_1_44' title="bbox 17 3883 1261 3979; baseline 0.007 -28"><span class='ocrx_word' id='word_1_347' title='bbox 17 3883 197 3964; x_wconf 84' lang='lat' dir='ltr'><strong>boniadbue</strong></span> <span class='ocrx_word' id='word_1_348' title='bbox 212 3901 303 3964; x_wconf 88' lang='lat' dir='ltr'><strong>Deus</strong></span> <span class='ocrx_word' id='word_1_349' title='bbox 326 3893 422 3962; x_wconf 78' lang='lat' dir='ltr'><strong>nobis</strong></span> <span class='ocrx_word' id='word_1_350' title='bbox 438 3895 580 3964; x_wconf 88' lang='lat' dir='ltr'><strong>tribuere</strong></span> <span class='ocrx_word' id='word_1_351' title='bbox 603 3894 725 3974; x_wconf 63' lang='lat' dir='ltr'><strong>soleam</strong></span> <span class='ocrx_word' id='word_1_352' title='bbox 756 3919 834 3968; x_wconf 85' lang='lat' dir='ltr'><strong>nam</strong></span> <span class='ocrx_word' id='word_1_353' title='bbox 860 3895 963 3966; x_wconf 79' lang='lat' dir='ltr'><strong>riustri</strong></span> <span class='ocrx_word' id='word_1_354' title='bbox 987 3909 1090 3979; x_wconf 65' lang='lat' dir='ltr'><strong>gratia</strong></span> <span class='ocrx_word' id='word_1_355' title='bbox 1259 3913 1261 3924; x_wconf 73' lang='lat'><strong><em>¹</em></strong></span> 
     </span>
     <span class='ocr_line' id='line_1_45' title="bbox 17 3979 1091 4076; baseline 0 -32"><span class='ocrx_word' id='word_1_356' title='bbox 17 3979 232 4068; x_wconf 59' lang='lat' dir='ltr'><strong>tteteruntium</strong></span> <span class='ocrx_word' id='word_1_357' title='bbox 256 3980 390 4074; x_wconf 75' lang='lat' dir='ltr'><strong>quidem</strong></span> <span class='ocrx_word' id='word_1_358' title='bbox 405 3980 439 4047; x_wconf 91' lang='lat' dir='ltr'><strong>in</strong></span> <span class='ocrx_word' id='word_1_359' title='bbox 455 3980 609 4060; x_wconf 89' lang='lat' dir='ltr'><strong>aedibus,</strong></span> <span class='ocrx_word' id='word_1_360' title='bbox 630 3995 686 4052; x_wconf 83' lang='lat' dir='ltr'><strong>aut</strong></span> <span class='ocrx_word' id='word_1_361' title='bbox 707 3979 861 4068; x_wconf 82' lang='lat' dir='ltr'><strong>stipulum</strong></span> <span class='ocrx_word' id='word_1_362' title='bbox 884 3980 1022 4076; x_wconf 67' lang='lat' dir='ltr'><strong>marvis</strong></span> <span class='ocrx_word' id='word_1_363' title='bbox 1036 3995 1091 4044; x_wconf 50' lang='lat' dir='ltr'><strong>rea</strong></span> 
     </span>
     <span class='ocr_line' id='line_1_46' title="bbox 18 4063 1091 4155; baseline 0.008 -38"><span class='ocrx_word' id='word_1_364' title='bbox 18 4068 107 4128; x_wconf 86' lang='lat' dir='ltr'><strong>tmere</strong></span> <span class='ocrx_word' id='word_1_365' title='bbox 122 4063 325 4134; x_wconf 87' lang='lat' dir='ltr'><strong>debebamus.</strong></span> <span class='ocrx_word' id='word_1_366' title='bbox 370 4069 458 4134; x_wconf 89' lang='lat' dir='ltr'><strong>Haec</strong></span> <span class='ocrx_word' id='word_1_367' title='bbox 479 4067 590 4144; x_wconf 83' lang='lat' dir='ltr'><strong>omnia</strong></span> <span class='ocrx_word' id='word_1_368' title='bbox 614 4087 685 4132; x_wconf 88' lang='lat' dir='ltr'><strong>eam</strong></span> <span class='ocrx_word' id='word_1_369' title='bbox 702 4067 750 4132; x_wconf 47' lang='lat' dir='ltr'><strong>*ob</strong></span> <span class='ocrx_word' id='word_1_370' title='bbox 771 4089 840 4134; x_wconf 89' lang='lat' dir='ltr'><strong>rem</strong></span> <span class='ocrx_word' id='word_1_371' title='bbox 855 4063 938 4135; x_wconf 87' lang='lat' dir='ltr'><strong>miln</strong></span> <span class='ocrx_word' id='word_1_372' title='bbox 955 4069 1091 4155; x_wconf 62' lang='lat' dir='ltr'><strong>pereen&#39;ss</strong></span> 
     </span>
     <span class='ocr_line' id='line_1_47' title="bbox 17 4143 1092 4247; baseline 0.012 -44"><span class='ocrx_word' id='word_1_373' title='bbox 17 4143 102 4212; x_wconf 88' lang='lat' dir='ltr'><strong>senda</strong></span> <span class='ocrx_word' id='word_1_374' title='bbox 122 4145 211 4218; x_wconf 85' lang='lat' dir='ltr'><strong>fuere</strong></span> <span class='ocrx_word' id='word_1_375' title='bbox 231 4151 418 4230; x_wconf 84' lang='lat' dir='ltr'><strong>verbosius,</strong></span> <span class='ocrx_word' id='word_1_376' title='bbox 441 4149 469 4216; x_wconf 92' lang='lat' dir='ltr'><strong>si</strong></span> <span class='ocrx_word' id='word_1_377' title='bbox 492 4147 592 4218; x_wconf 84' lang='lat' dir='ltr'><strong>semel</strong></span> <span class='ocrx_word' id='word_1_378' title='bbox 615 4147 779 4247; x_wconf 80' lang='lat' dir='ltr'><strong>quispiam</strong></span> <span class='ocrx_word' id='word_1_379' title='bbox 799 4147 864 4240; x_wconf 76' lang='lat' dir='ltr'><strong>ista</strong></span> <span class='ocrx_word' id='word_1_380' title='bbox 884 4147 940 4215; x_wconf 77' lang='lat' dir='ltr'><strong>vel·</strong></span> <span class='ocrx_word' id='word_1_381' title='bbox 957 4148 1092 4238; x_wconf 11' lang='lat' dir='ltr'><strong>‘tandem</strong></span> 
     </span>
     <span class='ocr_line' id='line_1_48' title="bbox 20 4228 1146 4334; baseline 0.006 -40"><span class='ocrx_word' id='word_1_382' title='bbox 20 4228 282 4310; x_wconf 82' lang='lat' dir='ltr'><strong>emollituscorde·</strong></span> <span class='ocrx_word' id='word_1_383' title='bbox 297 4235 495 4334; x_wconf 80' lang='lat' dir='ltr'><strong>conciperet,</strong></span> <span class='ocrx_word' id='word_1_384' title='bbox 520 4249 558 4308; x_wconf 81' lang='lat' dir='ltr'><strong>ut</strong></span> <span class='ocrx_word' id='word_1_385' title='bbox 573 4256 592 4304; x_wconf 80' lang='lat' dir='ltr'><strong>a</strong></span> <span class='ocrx_word' id='word_1_386' title='bbox 607 4233 790 4306; x_wconf 81' lang='lat' dir='ltr'><strong>miseranda</strong></span> <span class='ocrx_word' id='word_1_387' title='bbox 808 4234 873 4313; x_wconf 84' lang='lat' dir='ltr'><strong>ista</strong></span> <span class='ocrx_word' id='word_1_388' title='bbox 894 4232 1094 4303; x_wconf 71' lang='lat' dir='ltr'><strong>coecitate‘et</strong></span> <span class='ocrx_word' id='word_1_389' title='bbox 1144 4283 1146 4290; x_wconf 73' lang='lat'><em>·</em></span> 
     </span>
    </p>
   </div>
   <div class='ocr_carea' id='block_1_3' title="bbox 1097 3461 1205 3508">
    <p class='ocr_par' dir='ltr' id='par_1_3' title="bbox 1097 3461 1205 3508">
     <span class='ocr_line' id='line_1_49' title="bbox 1097 3461 1205 3508; baseline 0 0"><span class='ocrx_word' id='word_1_390' title='bbox 1097 3461 1112 3490; x_wconf 49' lang='grc' dir='ltr'><em>Ι</em></span> <span class='ocrx_word' id='word_1_391' title='bbox 1203 3503 1205 3508; x_wconf 86' lang='grc'><em>,</em></span> 
     </span>
    </p>
   </div>
   <div class='ocr_carea' id='block_1_4' title="bbox 677 4481 787 4536">
    <p class='ocr_par' dir='ltr' id='par_1_4' title="bbox 677 4481 787 4536">
     <span class='ocr_line' id='line_1_50' title="bbox 677 4481 787 4536; baseline 0 -48"><span class='ocrx_word' id='word_1_392' title='bbox 677 4481 787 4536; x_wconf 26' lang='grc' dir='ltr'><strong>,Μ</strong></span> 
     </span>
    </p>
   </div>
   <div class='ocr_carea' id='block_1_5' title="bbox 0 0 1310 4900">
    <p class='ocr_par' dir='ltr' id='par_1_5' title="bbox 0 0 1310 4900">
     <span class='ocr_line' id='line_1_51' title="bbox 0 0 1310 4900; baseline 0 5"><span class='ocrx_word' id='word_1_393' title='bbox 0 0 1310 4900; x_wconf 95' lang='lat' dir='ltr'><strong> </strong></span> 
     </span>
    </p>
   </div>
  </div>
 </body>
</html>
