2618 4902
234 342 282 437 75,
476 305 479 314 i
670 291 672 302 Ι
691 333 872 442 Apologia

142 533 144 541 “
231 495 553 616 nempeecatorum,
569 517 648 590 nisi
672 521 730 590 ubl
752 505 867 594 totam'
880 523 987 614 legem
1011 526 1148 610 feeerit,
1167 527 1269 622 ,quia
1290 531 1308 600 le

229 608 475 764 {¹⁰¹¹{usllfifflli
498 607 601 678 donec
611 631 673 707 ‚¹¹9⁸
680 631 836 710 accusare
850 623 968 708 potest.
1009 612 1240 701 porrigitur,
1267 641 1308 716 ciii

230 712 310 789 Justi
335 711 418 766 catio
433 711 477 764 sit
493 692 710 791 reconciliatio
725 711 858 790 propter
874 693 1062 776 Christum,
1086 699 1178 796 quod
1198 699 1270 797 liele
1283 729 1308 800 pi

228 782 423 863 stificemur,
451 779 530 873 quie
552 793 767 848 certissimum
785 793 833 848 est
858 778 928 849 sola
950 778 1307 878 lide.eccipirem1ssio

203 882 540 958 ‘'nempeecetoruiu.
933 877 935 882 '
1045 889 1051 911 ⁸
1104 905 1109 914 ·

309 957 410 1023 'Nunc
421 948 525 1042 igitur
537 953 790 1045 respondeamus
805 953 846 1018 ad
861 950 957 1018 illam
971 951 1208 1043 objectionem,
1227 981 1308 1048 'quat

228 1061 329 1132 supra
343 1034 585 1133 proposuimus.
634 1040 734 1108 Recte
754 1037 897 1126 cogitant
917 1037 1094 1106 adversarii
1120 1038 1308 1108 dilectiones

228 1147 304 1220 esse·
317 1121 399 1211 legis
418 1122 663 1212 impletionem,
694 1139 726 1192 et
746 1119 930 1192 obedientie
948 1145 1024 1212 erge
1047 1122 1149 1212 legem
1174 1139 1269 1194 certe
1288 1151 1308 1192 es

232 1211 238 1226 Q

165 1263 166 1268 ,
227 1209 369 1360 punitio,
396 1209 454 1280 secl
476 1211 538 1278 lioc
552 1207 639 1277 fallit
655 1231 731 1290 eos,
764 1207 853 1296 qnod
868 1221 986 1298 putant
1003 1231 1062 1279 nos
1083 1207 1212 1298 exlege
1234 1210 1308 1309 justi

240 1291 328 1362 'ceri
372 1297 458 1363 Cum
479 1311 587 1363 autem
609 1317 678 1362 non
691 1291 906 1384 justificemur
922 1317 959 1360 ex
974 1289 1064 1390 lege,
1087 1293 1143 1362 sed
1157 1315 1308 1362 remissio

226 1383 314 1446 neni,
344 1397 541 1462 eccetorum,
572 1394 604 1447 et
624 1375 922 1460 reconciliationem
945 1377 1142 1470 accipiamus
1163 1377 1235 1447 fide
1256 1403 1308 1472 pro

225 1477 299 1560 pter
312 1401 500 1554 itinerum,
527 1487 597 1534 non
610 1476 744 1562 propter
760 1459 968 1556 dilectionem
982 1477 1040 1530 aut
1057 1460 1140 1551 legis
1155 1461 1308 1556 impletio

139 1554 143 1568 ’
163 1587 169 1601 ·
225 1555 320 1636 ne‘inz
350 1549 500 1646 sequitur
516 1571 716 1628 necessario,
747 1547 836 1640 quod
851 1545 915 1616 fide
930 1545 966 1614 in
982 1545 1149 1619 Christum
1164 1550 1308 1642 justitie

213 1653 314 1706 *mur
932 1674 935 1683 s

249 1785 253 1794 .
309 1720 436 1790 Deinde
455 1717 512 1786 illa
533 1716 613 1808 legis
636 1713 806 1810 impletio,
831 1739 890 1784 seii
904 1713 1091 1784 obedientia
1110 1741 1192 1805 erig-a
1212 1717 1308 1809 legen

224 1820 276 1872 est
292 1805 425 1898 quidem
438 1803 576 1897 justitia,
598 1828 672 1870 cum
689 1818 736 1868 eet
755 1801 891 1890 integra,
912 1801 970 1870 sed
985 1800 1197 1872 innoliisest
1214 1809 1308 1892 exigi:

196 1967 199 1974 ι
226 1904 259 1958 et
273 1889 455 1959 immunde.
495 1887 573 1956 Ideo
588 1912 654 1956 non
670 1885 775 1980 placet
789 1901 924 1979 propter
940 1885 1099 1984 seipsam²
1120 1912 1192 1958 non
1208 1906 1264 1957 est
1277 1915 1308 1966 ae

141 1986 143 1991 ’
225 1991 318 2066 cepta
334 1989 466 2068 propter
479 1971 630 2067 seipsam.
679 1976 773 2058 Quae
800 1969 1133 2059 uameutemeiihis,
1167 1997 1308 2066 quaesu-

223 2081 286 2150 pra
300 2057 385 2129 dicta
399 2073 490 2138 sunt,
518 2071 658 2139 constet,
689 2055 767 2147 justi
784 2054 958 2124 icationem
975 2081 1041 2123 non
1059 2053 1171 2124 solum
1195 2055 1308 2125 initiiii

222 2141 443 2213 renovationis
457 2141 651 2232 significare,
661 2141 718 2209 sed
726 2138 1030 2222 reconciliationem,
1040 2140 1218 2233 quaetiem
1238 2159 1300 2245 post

222 2251 264 2298 ee
285 2227 408 2321 accepti
424 2253 554 2296 sumus:
584 2231 710 2295 Temen
726 2251 810 2296 nunc
833 2223 935 2292 multo
957 2223 1076 2298 clarius
1096 2228 1248 2320 perspici
1270 2253 1306 2321 po

135 2335 138 2346 ·
221 2311 318 2398 terit,
347 2311 511 2406 quodille
527 2310 678 2382 inchoata
696 2309 777 2402 legis
791 2308 939 2403 impletio
955 2333 1022 2378 non
1039 2309 1229 2398 justificet,
1255 2313 1299 2405 qi‘i'

214 2409 353 2472 ,tentum
376 2398 424 2468 est
443 2395 855 2492 accepta'propterl'iilem.
914 2399 980 2463 Nec
1003 2411 1051 2462 est
1076 2392 1283 2472 confidendo

189 2515 191 2522 ,
222 2487 315 2586 quofl
337 2483 472 2578 propria
491 2482 709 2576 perfectione,
739 2498 772 2580 pt
790 2477 982 2574 impletione
995 2478 1093 2564 legis,
1123 2499 1244 2551 coram
1260 2489 1304 2550 ll'

64 2621 67 2629 .
106 2570 109 2578 ’
157 2638 161 2645 ,
221 2572 304 2670 justi
319 2585 523 2674 reputemur,
547 2589 585 2636 ec
603 2591 669 2633 non
684 2582 791 2659 potins
807 2579 940 2664 propter
954 2561 1135 2636 Christum.

51 3082 53 3093 '
107 3149 112 3159 .
186 3089 295 3155 'eum
309 3083 487 3153 habeamus
504 3079 666 3174 placatum
682 3079 809 3156 Deum,
837 3075 965 3144 etiamst
987 3099 1047 3140 nos
1063 3083 1097 3142 iil
1124 3099 1194 3173 igni
1211 3095 1305 3145 simut

176 2695 178 2698 -
230 2665 260 2676 ”
307 2659 460 2728 Primum
478 2648 1211 2755 quiaChristus'nondesinitessemeilietor,
1236 2676 1306 2747 posi

222 2764 322 2834 quain
346 2753 493 2810 renovati
517 2761 639 2818 sumus.
691 2738 830 2819 Errant,
861 2733 925 2831 qui·
943 2733 1074 2821 fingunt
1094 2759 1170 2804 eum
1197 2753 1306 2806 tantun

202 2851 214 2858 ·’
244 2826 362 2898 rimam
386 2824 524 2912 gretiam
544 2821 698 2892 meritum
717 2842 804 2901 esse,
843 2845 904 2891 nos
929 2834 1039 2914 postca
1080 2818 1182 2888 lacere
1212 2829 1306 2903 nostrl

205 2849 312 3004 'legis'
325 2908 525 3004 impletione,
547 2923 580 2976 et
595 2901 714 2974 r'nereri
727 2903 828 2972 vitem
846 2911 1021 2974 aeternam.
1102 2921 1181 2988 anet
1198 2909 1305 2975 media

221 3017 275 3070 tor
285 2999 452 3079 Christus,
476 2989 1096 3086 elsemperstatueredeliemuffiquod
1138 3008 1263 3094 ropter
1277 2992 1305 3084 ip

221 3170 313 3242 Sicut
328 3163 454 3240 Paulus
477 3179 587 3261 aperte
609 3160 718 3240 docet,
748 3185 823 3227 cum
838 3159 910 3229 ait:
948 3154 1041 3226 Niliil
1065 3158 1147 3226 mihi
1171 3163 1304 3230 consciri

220 3261 314 3336 siim',
342 3253 444 3322 sedin
457 3251 519 3322 hoc
535 3271 602 3322 non
616 3245 813 3338 justificatus
826 3271 916 3326 sum,
945 3242 1002 3311 sed
1016 3242 1113 3312 sentit
1128 3269 1162 3312 se
1182 3245 1259 3316 fide
1276 3273 1304 3330 ie

1 3402 4 3409 .
96 3409 98 3416 Α
136 3363 138 3370 ⁴
182 3355 186 3378 ¹
218 3338 329 3436 putari
351 3341 477 3431 justum
498 3347 633 3430 propter
647 3328 833 3411 Christum,
849 3345 946 3482 pnite
967 3326 1067 3398 illuil:
1097 3331 1216 3413 Beati,
1245 3347 1304 3426 qne

218 3449 291 3494 rum
307 3421 461 3492 remissae
484 3433 562 3494 sunt:
579 3415 777 3512 iniquitates.
791 3471 795 3480 .
818 3415 846 3484 ll
862 3440 882 3482 a
896 3429 1004 3482 autem
1026 3411 1177 3482 remissio
1196 3439 1303 3510 sempe

121 3565 134 3582 ..
218 3505 479 3608 accipiturside.
528 3509 626 3582 Item,
655 3497 833 3598 Imputatio
857 3496 1002 3590 justitiae
1014 3496 1196 3588 Evangelii
1216 3520 1303 3570 este

196 3597 199 3602 ’
242 3617 454 3676 remissione,
482 3589 493 3658 i
518 3587 584 3656 itur
598 3609 729 3677 semper
744 3583 902 3682 accipitur
915 3581 1002 3663 fide,
1016 3605 1157 3680 ‘semper
1175 3601 1302 3654 stainei

202 3619 299 3749 'iiim
318 3692 386 3760 est,
416 3617 591 3770 qumilide
631 3685 744 3764 repter
761 3668 929 3738 Christum
946 3668 1026 3758 justi
1040 3682 1249 3760 reputemur.
1289 3673 1302 3734 S

188 3833 191 3838 .
217 3763 322 3840 renati
335 3779 449 3857 postea
464 3759 580 3833 sentire
597 3693 770 3835 liberent,
795 3778 829 3821 se
846 3769 995 3847 acceptos
1012 3749 1083 3820 fote
1099 3769 1251 3852 propter
1264 3755 1302 3822 im

242 3847 398 3918 lotionem
418 3845 518 3934 legis,
546 3840 677 3935 quando
694 3853 778 3908 esset
791 3836 986 3906 conscientia
1004 3851 1106 3918 certe,
1139 3861 1176 3907 se
1195 3838 1301 3932 placei

216 3877 308 4015 ileo,
347 3957 421 4001 cnm
443 3951 613 4022 nunquam
637 3921 983 4013 legi‘satislaciamus?
1017 3919 1095 3991 Ideo
1124 3945 1301 4020 sempera

179 4047 181 4052 ·
215 4017 469 4103 promissionem
485 4008 738 4090 recurrendum,
768 4006 829 4076 lieo
849 4004 1059 4078 iusnntanda
1072 4009 1301 4082 estinlirmitt

215 4119 351 4189 nostre,
379 4117 410 4170 et
431 4097 661 4175 statuendum,
683 4117 743 4164 nos
762 4109 895 4193 propter
910 4089 1079 4162 Christum
1093 4091 1206 4188 justos
1224 4120 1266 4162 re
1289 4117 1300 4158 i

215 4187 296 4272 tari,
315 4187 387 4350 ‘epil
408 4183 554 4272 sedetad
577 4182 721 4250 dextram
739 4181 865 4259 Patris,
896 4193 928 4244 et
949 4185 1009 4270 Pei·
1032 4191 1108 4245 etuo
1130 4119 1300 4276 interpell

38 4285 42 4292 ’
154 4359 157 4370 ¹
213 4300 275 4376 pro
291 4271 396 4384 neit.
440 4261 739 4346 Hunct‘miisieem
751 4259 985 4340 contumeliae
1016 4259 1083 4348 icit,
1100 4259 1129 4368 ti
1145 4287 1230 4358 quis
1255 4283 1300 4334 sci
