<?xml version="1.0" encoding="UTF-8"?>
<!DOCTYPE html PUBLIC "-//W3C//DTD XHTML 1.0 Transitional//EN"
    "http://www.w3.org/TR/xhtml1/DTD/xhtml1-transitional.dtd">
<html xmlns="http://www.w3.org/1999/xhtml" xml:lang="en" lang="en">
 <head>
  <title>
</title>
<meta http-equiv="Content-Type" content="text/html;charset=utf-8" />
  <meta name='ocr-system' content='tesseract 3.04.00' />
  <meta name='ocr-capabilities' content='ocr_page ocr_carea ocr_par ocr_line ocrx_word'/>
</head>
<body>
  <div class='ocr_page' id='page_1' title='image "./librisymbolicie03churgoog/librisymbolicie03churgoog_0146.png"; bbox 0 0 2618 4902; ppageno 0'>
   <div class='ocr_carea' id='block_1_1' title="bbox 333 350 1088 464">
    <p class='ocr_par' dir='ltr' id='par_1_1' title="bbox 333 350 1088 464">
     <span class='ocr_line' id='line_1_1' title="bbox 333 350 1088 464; baseline 0.003 -40"><span class='ocrx_word' id='word_1_1' title='bbox 333 352 353 440; x_wconf 48' lang='grc' dir='ltr'><strong>ξι</strong></span> <span class='ocrx_word' id='word_1_2' title='bbox 401 350 661 464; x_wconf 81' lang='lat' dir='ltr'><strong>Confessionis.</strong></span> <span class='ocrx_word' id='word_1_3' title='bbox 750 397 753 404; x_wconf 91' lang='lat'>·</span> <span class='ocrx_word' id='word_1_4' title='bbox 811 409 818 418; x_wconf 83' lang='lat'>.</span> <span class='ocrx_word' id='word_1_5' title='bbox 982 353 1088 427; x_wconf 22' lang='lat'><strong>,123</strong></span> 
     </span>
    </p>
   </div>
   <div class='ocr_carea' id='block_1_2' title="bbox 21 515 1195 1314">
    <p class='ocr_par' dir='ltr' id='par_1_2' title="bbox 25 515 1195 714">
     <span class='ocr_line' id='line_1_2' title="bbox 25 515 1195 641; baseline -0.003 -37"><span class='ocrx_word' id='word_1_6' title='bbox 25 537 158 630; x_wconf 79' lang='lat' dir='ltr'><strong>sputant</strong></span> <span class='ocrx_word' id='word_1_7' title='bbox 174 515 612 641; x_wconf 68' lang='lat' dir='ltr'><strong>baptismum&#39;parvulorum</strong></span> <span class='ocrx_word' id='word_1_8' title='bbox 633 529 784 604; x_wconf 87' lang='lat' dir='ltr'><strong>inutilem</strong></span> <span class='ocrx_word' id='word_1_9' title='bbox 807 515 888 602; x_wconf 75' lang='lat' dir='ltr'><strong>esse.¹</strong></span> <span class='ocrx_word' id='word_1_10' title='bbox 931 532 1088 602; x_wconf 87' lang='lat' dir='ltr'><strong>Certissi-</strong></span> <span class='ocrx_word' id='word_1_11' title='bbox 1193 532 1195 540; x_wconf 78' lang='grc'>’</span> 
     </span>
     <span class='ocr_line' id='line_1_3' title="bbox 27 615 1170 714; baseline -0.003 -24"><span class='ocrx_word' id='word_1_12' title='bbox 27 647 81 690; x_wconf 91' lang='lat' dir='ltr'><strong>um</strong></span> <span class='ocrx_word' id='word_1_13' title='bbox 107 638 154 690; x_wconf 90' lang='lat' dir='ltr'><strong>est</strong></span> <span class='ocrx_word' id='word_1_14' title='bbox 174 646 281 702; x_wconf 90' lang='lat' dir='ltr'><strong>emm,</strong></span> <span class='ocrx_word' id='word_1_15' title='bbox 303 619 399 714; x_wconf 80' lang='lat' dir='ltr'><strong>&#39;quod</strong></span> <span class='ocrx_word' id='word_1_16' title='bbox 421 617 599 713; x_wconf 85' lang='lat' dir='ltr'>promissio</span> <span class='ocrx_word' id='word_1_17' title='bbox 624 615 738 687; x_wconf 88' lang='lat' dir='ltr'><strong>salutis</strong></span> <span class='ocrx_word' id='word_1_18' title='bbox 763 617 907 713; x_wconf 79' lang='lat' dir='ltr'>pertinet</span> <span class='ocrx_word' id='word_1_19' title='bbox 929 617 1088 688; x_wconf 83' lang='lat' dir='ltr'><strong>etiamad</strong></span> <span class='ocrx_word' id='word_1_20' title='bbox 1168 697 1170 708; x_wconf 28' lang='grc' dir='ltr'>Ι</span> 
     </span>
    </p>

    <p class='ocr_par' dir='ltr' id='par_1_3' title="bbox 21 700 1191 1314">
     <span class='ocr_line' id='line_1_4' title="bbox 24 700 1089 808; baseline -0.002 -34"><span class='ocrx_word' id='word_1_21' title='bbox 24 704 156 776; x_wconf 80' lang='lat' dir='ltr'><strong>trvnlos.</strong></span> <span class='ocrx_word' id='word_1_22' title='bbox 197 710 312 808; x_wconf 81' lang='lat' dir='ltr'><strong>Neque</strong></span> <span class='ocrx_word' id='word_1_23' title='bbox 324 729 401 772; x_wconf 85' lang='lat' dir='ltr'><strong>vero</strong></span> <span class='ocrx_word' id='word_1_24' title='bbox 414 706 551 798; x_wconf 83' lang='lat' dir='ltr'><strong>pertinet</strong></span> <span class='ocrx_word' id='word_1_25' title='bbox 565 703 608 772; x_wconf 86' lang='lat' dir='ltr'><strong>ad</strong></span> <span class='ocrx_word' id='word_1_26' title='bbox 622 702 715 788; x_wconf 90' lang='lat' dir='ltr'><strong>illos,</strong></span> <span class='ocrx_word' id='word_1_27' title='bbox 747 700 804 796; x_wconf 87' lang='lat' dir='ltr'><strong>qui</strong></span> <span class='ocrx_word' id='word_1_28' title='bbox 827 718 903 772; x_wconf 93' lang='lat' dir='ltr'><strong>sunt</strong></span> <span class='ocrx_word' id='word_1_29' title='bbox 916 717 1004 772; x_wconf 82' lang='lat' dir='ltr'><strong>extra</strong></span> <span class='ocrx_word' id='word_1_30' title='bbox 1018 707 1089 773; x_wconf 47' lang='lat' dir='ltr'><strong>Ec*</strong></span> 
     </span>
     <span class='ocr_line' id='line_1_5' title="bbox 24 787 1094 873; baseline -0.004 -14"><span class='ocrx_word' id='word_1_31' title='bbox 24 791 121 860; x_wconf 82' lang='lat' dir='ltr'><strong>esiam</strong></span> <span class='ocrx_word' id='word_1_32' title='bbox 144 789 287 872; x_wconf 79' lang='lat' dir='ltr'><strong>Chrisn,</strong></span> <span class='ocrx_word' id='word_1_33' title='bbox 324 787 382 857; x_wconf 90' lang='lat' dir='ltr'><strong>ubi</strong></span> <span class='ocrx_word' id='word_1_34' title='bbox 402 815 461 858; x_wconf 89' lang='lat' dir='ltr'><strong>nec</strong></span> <span class='ocrx_word' id='word_1_35' title='bbox 485 790 654 872; x_wconf 77' lang='lat' dir='ltr'><strong>verbum„</strong></span> <span class='ocrx_word' id='word_1_36' title='bbox 678 813 738 858; x_wconf 90' lang='lat' dir='ltr'><strong>nec</strong></span> <span class='ocrx_word' id='word_1_37' title='bbox 769 803 973 858; x_wconf 82' lang='lat' dir='ltr'><strong>sacramenta</strong></span> <span class='ocrx_word' id='word_1_38' title='bbox 999 803 1094 873; x_wconf 80' lang='lat' dir='ltr'><strong>sunt,¹</strong></span> 
     </span>
     <span class='ocr_line' id='line_1_6' title="bbox 23 872 1086 974; baseline -0.002 -32"><span class='ocrx_word' id='word_1_39' title='bbox 23 876 70 944; x_wconf 87' lang='lat' dir='ltr'><strong>nia</strong></span> <span class='ocrx_word' id='word_1_40' title='bbox 86 899 224 974; x_wconf 73' lang='lat' dir='ltr'><strong>regnum</strong></span> <span class='ocrx_word' id='word_1_41' title='bbox 241 872 368 944; x_wconf 76' lang='lat' dir='ltr'><strong>Christi</strong></span> <span class='ocrx_word' id='word_1_42' title='bbox 382 887 506 942; x_wconf 85' lang='lat' dir='ltr'><strong>tantum</strong></span> <span class='ocrx_word' id='word_1_43' title='bbox 521 899 595 942; x_wconf 92' lang='lat' dir='ltr'><strong>cum</strong></span> <span class='ocrx_word' id='word_1_44' title='bbox 614 873 714 948; x_wconf 81' lang='lat' dir='ltr'><strong>verbo</strong></span> <span class='ocrx_word' id='word_1_45' title='bbox 739 889 772 942; x_wconf 88' lang='lat' dir='ltr'><strong>et</strong></span> <span class='ocrx_word' id='word_1_46' title='bbox 789 872 999 946; x_wconf 81' lang='lat' dir='ltr'><strong>sacramentis</strong></span> <span class='ocrx_word' id='word_1_47' title='bbox 1017 873 1086 944; x_wconf 85' lang='lat' dir='ltr'><strong>exi-</strong></span> 
     </span>
     <span class='ocr_line' id='line_1_7' title="bbox 24 947 1091 1052; baseline 0 -24"><span class='ocrx_word' id='word_1_48' title='bbox 24 961 57 1028; x_wconf 80' lang='lat' dir='ltr'><strong>it.</strong></span> <span class='ocrx_word' id='word_1_49' title='bbox 95 965 203 1050; x_wconf 73' lang='lat' dir='ltr'><strong>Igitur</strong></span> <span class='ocrx_word' id='word_1_50' title='bbox 224 965 353 1028; x_wconf 91' lang='lat' dir='ltr'><strong>nece&#39;ssc</strong></span> <span class='ocrx_word' id='word_1_51' title='bbox 376 973 426 1027; x_wconf 84' lang='lat' dir='ltr'><strong>e&#39;st</strong></span> <span class='ocrx_word' id='word_1_52' title='bbox 450 957 613 1051; x_wconf 86' lang='lat' dir='ltr'><strong>baptizare</strong></span> <span class='ocrx_word' id='word_1_53' title='bbox 630 956 811 1052; x_wconf 88' lang='lat' dir='ltr'><strong>parvulos,</strong></span> <span class='ocrx_word' id='word_1_54' title='bbox 842 973 920 1027; x_wconf 90' lang='lat' dir='ltr'><strong>uta</strong></span> <span class='ocrx_word' id='word_1_55' title='bbox 946 947 1091 1051; x_wconf 73' lang='lat' dir='ltr'><strong>plicetur&#39;</strong></span> 
     </span>
     <span class='ocr_line' id='line_1_8' title="bbox 22 983 1090 1139; baseline 0.001 -28"><span class='ocrx_word' id='word_1_56' title='bbox 22 1066 39 1113; x_wconf 88' lang='lat' dir='ltr'><strong>s</strong></span> <span class='ocrx_word' id='word_1_57' title='bbox 53 1044 225 1138; x_wconf 87' lang='lat' dir='ltr'><strong>promissio</strong></span> <span class='ocrx_word' id='word_1_58' title='bbox 240 1041 374 1126; x_wconf 88' lang='lat' dir='ltr'><strong>salutis,</strong></span> <span class='ocrx_word' id='word_1_59' title='bbox 404 1046 496 1136; x_wconf 76' lang='lat' dir='ltr'><strong>juxta</strong></span> <span class='ocrx_word' id='word_1_60' title='bbox 516 1042 706 1112; x_wconf 85' lang='lat' dir='ltr'><strong>mandatum</strong></span> <span class='ocrx_word' id='word_1_61' title='bbox 733 1041 875 1139; x_wconf 78' lang='lat' dir='ltr'><strong>Christi:</strong></span> <span class='ocrx_word' id='word_1_62' title='bbox 917 983 1090 1138; x_wconf 66' lang='lat' dir='ltr'><strong>haptir&#39;atc</strong></span> 
     </span>
     <span class='ocr_line' id='line_1_9' title="bbox 22 1126 1087 1223; baseline 0.001 -27"><span class='ocrx_word' id='word_1_63' title='bbox 22 1136 104 1198; x_wconf 86' lang='lat' dir='ltr'><strong>mne&#39;s</strong></span> <span class='ocrx_word' id='word_1_64' title='bbox 121 1145 251 1223; x_wconf 76' lang='lat' dir='ltr'><strong>gentes3</strong></span> <span class='ocrx_word' id='word_1_65' title='bbox 278 1127 338 1197; x_wconf 90' lang='lat' dir='ltr'><strong>uhi</strong></span> <span class='ocrx_word' id='word_1_66' title='bbox 354 1127 592 1222; x_wconf 73' lang='lat' dir='ltr'><strong>sicutplfertur</strong></span> <span class='ocrx_word' id='word_1_67' title='bbox 609 1126 760 1196; x_wconf 89' lang='lat' dir='ltr'><strong>omnibus</strong></span> <span class='ocrx_word' id='word_1_68' title='bbox 775 1128 883 1212; x_wconf 89' lang='lat' dir='ltr'><strong>salus,</strong></span> <span class='ocrx_word' id='word_1_69' title='bbox 910 1128 961 1197; x_wconf 91' lang='lat' dir='ltr'><strong>ita</strong></span> <span class='ocrx_word' id='word_1_70' title='bbox 982 1128 1087 1197; x_wconf 84' lang='lat' dir='ltr'><strong>ofler-</strong></span> 
     </span>
     <span class='ocr_line' id='line_1_10' title="bbox 21 1211 1191 1314; baseline -0.003 -34"><span class='ocrx_word' id='word_1_71' title='bbox 21 1239 49 1280; x_wconf 87' lang='lat' dir='ltr'><strong>1r</strong></span> <span class='ocrx_word' id='word_1_72' title='bbox 65 1215 213 1285; x_wconf 90' lang='lat' dir='ltr'><strong>omnibus</strong></span> <span class='ocrx_word' id='word_1_73' title='bbox 227 1212 411 1314; x_wconf 77' lang='lat' dir='ltr'><strong>baptismus</strong></span> <span class='ocrx_word' id='word_1_74' title='bbox 457 1212 554 1296; x_wconf 82' lang='lat' dir='ltr'><strong>viris,</strong></span> <span class='ocrx_word' id='word_1_75' title='bbox 583 1211 792 1296; x_wconf 82' lang='lat' dir='ltr'><strong>mulieribus,</strong></span> <span class='ocrx_word' id='word_1_76' title='bbox 819 1212 950 1306; x_wconf 83' lang='lat' dir='ltr'><strong>pueris,</strong></span> <span class='ocrx_word' id='word_1_77' title='bbox 972 1213 1087 1284; x_wconf 82' lang='lat' dir='ltr'><strong>infan-</strong></span> <span class='ocrx_word' id='word_1_78' title='bbox 1189 1269 1191 1276; x_wconf 93' lang='lat'><em>.</em></span> 
     </span>
    </p>
   </div>
   <div class='ocr_carea' id='block_1_3' title="bbox 21 1295 1284 1404">
    <p class='ocr_par' dir='ltr' id='par_1_4' title="bbox 21 1295 1284 1404">
     <span class='ocr_line' id='line_1_11' title="bbox 21 1295 1284 1404; baseline 0 -37"><span class='ocrx_word' id='word_1_79' title='bbox 21 1298 384 1396; x_wconf 81' lang='lat' dir='ltr'><strong>hus;sequiturig1tur</strong></span> <span class='ocrx_word' id='word_1_80' title='bbox 430 1322 503 1380; x_wconf 86' lang='lat' dir='ltr'><strong>are,</strong></span> <span class='ocrx_word' id='word_1_81' title='bbox 522 1296 663 1378; x_wconf 83' lang='lat' dir='ltr'><strong>infantes</strong></span> <span class='ocrx_word' id='word_1_82' title='bbox 676 1295 888 1404; x_wconf 81' lang='lat' dir='ltr'><strong>baptizandos</strong></span> <span class='ocrx_word' id='word_1_83' title='bbox 905 1323 986 1384; x_wconf 88' lang='lat' dir='ltr'><strong>esse,</strong></span> <span class='ocrx_word' id='word_1_84' title='bbox 1009 1298 1088 1396; x_wconf 89' lang='lat' dir='ltr'><strong>quia</strong></span> <span class='ocrx_word' id='word_1_85' title='bbox 1161 1352 1166 1370; x_wconf 83' lang='grc'><em>,</em></span> <span class='ocrx_word' id='word_1_86' title='bbox 1281 1325 1284 1334; x_wconf 70' lang='grc'><em>’</em></span> 
     </span>
    </p>
   </div>
   <div class='ocr_carea' id='block_1_4' title="bbox 16 1381 1203 2221">
    <p class='ocr_par' dir='ltr' id='par_1_5' title="bbox 20 1381 892 1478">
     <span class='ocr_line' id='line_1_12' title="bbox 20 1381 892 1478; baseline 0.003 -26"><span class='ocrx_word' id='word_1_87' title='bbox 20 1383 77 1452; x_wconf 84' lang='lat' dir='ltr'><strong>tlus</strong></span> <span class='ocrx_word' id='word_1_88' title='bbox 95 1409 167 1454; x_wconf 92' lang='lat' dir='ltr'><strong>cum</strong></span> <span class='ocrx_word' id='word_1_89' title='bbox 187 1383 351 1478; x_wconf 87' lang='lat' dir='ltr'><strong>baptismo</strong></span> <span class='ocrx_word' id='word_1_90' title='bbox 369 1381 521 1453; x_wconf 79' lang='lat' dir='ltr'><strong>offertur.</strong></span> <span class='ocrx_word' id='word_1_91' title='bbox 564 1435 568 1446; x_wconf 51' lang='lat'><em>2</em></span> <span class='ocrx_word' id='word_1_92' title='bbox 618 1409 653 1455; x_wconf 77' lang='grc'><strong>.’</strong></span> <span class='ocrx_word' id='word_1_93' title='bbox 889 1438 892 1444; x_wconf 83' lang='lat'><em>-</em></span> 
     </span>
    </p>

    <p class='ocr_par' dir='ltr' id='par_1_6' title="bbox 16 1467 1203 2221">
     <span class='ocr_line' id='line_1_13' title="bbox 75 1467 1179 1569; baseline 0 -32"><span class='ocrx_word' id='word_1_94' title='bbox 75 1470 242 1540; x_wconf 53' lang='lat' dir='ltr'><strong>Secundo:</strong></span> <span class='ocrx_word' id='word_1_95' title='bbox 277 1467 493 1538; x_wconf 80' lang='lat' dir='ltr'><strong>Manifestum</strong></span> <span class='ocrx_word' id='word_1_96' title='bbox 517 1485 582 1552; x_wconf 86' lang='lat' dir='ltr'><strong>est,</strong></span> <span class='ocrx_word' id='word_1_97' title='bbox 665 1467 714 1548; x_wconf 59' lang='lat' dir='ltr'><strong>od,</strong></span> <span class='ocrx_word' id='word_1_98' title='bbox 730 1470 823 1538; x_wconf 90' lang='lat' dir='ltr'><strong>Deus</strong></span> <span class='ocrx_word' id='word_1_99' title='bbox 842 1467 1005 1569; x_wconf 81' lang='lat' dir='ltr'><strong>approbat</strong></span> <span class='ocrx_word' id='word_1_100' title='bbox 1027 1469 1089 1556; x_wconf 77' lang='lat' dir='ltr'><strong>ha·</strong></span> <span class='ocrx_word' id='word_1_101' title='bbox 1176 1513 1179 1520; x_wconf 88' lang='lat'>·</span> 
     </span>
     <span class='ocr_line' id='line_1_14' title="bbox 19 1546 1140 1650; baseline -0.002 -28"><span class='ocrx_word' id='word_1_102' title='bbox 19 1552 147 1622; x_wconf 90' lang='lat' dir='ltr'><strong>tismum</strong></span> <span class='ocrx_word' id='word_1_103' title='bbox 163 1550 388 1650; x_wconf 87' lang='lat' dir='ltr'><strong>parvulorum.</strong></span> <span class='ocrx_word' id='word_1_104' title='bbox 431 1553 537 1647; x_wconf 85' lang='lat' dir='ltr'><strong>Igitur</strong></span> <span class='ocrx_word' id='word_1_105' title='bbox 554 1558 627 1634; x_wconf 82' lang='lat' dir='ltr'><strong>Ana</strong></span> <span class='ocrx_word' id='word_1_106' title='bbox 651 1551 790 1649; x_wconf 88' lang='lat' dir='ltr'><strong>aptistae</strong></span> <span class='ocrx_word' id='word_1_107' title='bbox 811 1553 914 1648; x_wconf 77' lang='lat' dir='ltr'><strong>impie</strong></span> <span class='ocrx_word' id='word_1_108' title='bbox 931 1553 1089 1637; x_wconf 86' lang='lat' dir='ltr'><strong>sentiunt,</strong></span> <span class='ocrx_word' id='word_1_109' title='bbox 1136 1546 1140 1568; x_wconf 69' lang='grc'><em>”</em></span> 
     </span>
     <span class='ocr_line' id='line_1_15' title="bbox 19 1637 1131 1736; baseline 0.002 -32"><span class='ocrx_word' id='word_1_110' title='bbox 19 1637 50 1704; x_wconf 86' lang='lat' dir='ltr'><strong>ni</strong></span> <span class='ocrx_word' id='word_1_111' title='bbox 69 1639 225 1708; x_wconf 87' lang='lat' dir='ltr'><strong>damnant</strong></span> <span class='ocrx_word' id='word_1_112' title='bbox 246 1638 448 1733; x_wconf 81' lang='lat' dir='ltr'><strong>baptismum</strong></span> <span class='ocrx_word' id='word_1_113' title='bbox 470 1637 695 1736; x_wconf 80' lang='lat' dir='ltr'><strong>parvulorum.</strong></span> <span class='ocrx_word' id='word_1_114' title='bbox 740 1639 843 1726; x_wconf 87' lang='lat' dir='ltr'><strong>Quod</strong></span> <span class='ocrx_word' id='word_1_115' title='bbox 862 1653 973 1708; x_wconf 89' lang='lat' dir='ltr'><strong>autem</strong></span> <span class='ocrx_word' id='word_1_116' title='bbox 995 1641 1088 1706; x_wconf 89' lang='lat' dir='ltr'><strong>Deus</strong></span> <span class='ocrx_word' id='word_1_117' title='bbox 1128 1719 1131 1727; x_wconf 22' lang='lat'><strong>⁴</strong></span> 
     </span>
     <span class='ocr_line' id='line_1_16' title="bbox 18 1721 1090 1825; baseline -0.001 -34"><span class='ocrx_word' id='word_1_118' title='bbox 18 1724 152 1816; x_wconf 90' lang='lat' dir='ltr'><strong>pprohet</strong></span> <span class='ocrx_word' id='word_1_119' title='bbox 165 1721 365 1818; x_wconf 86' lang='lat' dir='ltr'><strong>baptismum</strong></span> <span class='ocrx_word' id='word_1_120' title='bbox 381 1725 614 1825; x_wconf 80' lang='lat' dir='ltr'><strong>parvulorum²</strong></span> <span class='ocrx_word' id='word_1_121' title='bbox 637 1721 700 1792; x_wconf 90' lang='lat' dir='ltr'><strong>hoc</strong></span> <span class='ocrx_word' id='word_1_122' title='bbox 716 1723 872 1805; x_wconf 83' lang='lat' dir='ltr'><strong>ostendit,</strong></span> <span class='ocrx_word' id='word_1_123' title='bbox 920 1723 986 1792; x_wconf 81' lang='lat' dir='ltr'><strong>uoti</strong></span> <span class='ocrx_word' id='word_1_124' title='bbox 998 1729 1090 1816; x_wconf 81' lang='lat' dir='ltr'><strong>Deus</strong></span> 
     </span>
     <span class='ocr_line' id='line_1_17' title="bbox 18 1747 1098 1911; baseline 0.001 -36"><span class='ocrx_word' id='word_1_125' title='bbox 18 1825 49 1876; x_wconf 87' lang='lat' dir='ltr'><strong>ot</strong></span> <span class='ocrx_word' id='word_1_126' title='bbox 63 1807 222 1904; x_wconf 85' lang='lat' dir='ltr'><strong>Spiritum</strong></span> <span class='ocrx_word' id='word_1_127' title='bbox 236 1815 443 1880; x_wconf 85' lang='lat' dir='ltr'><strong>sanctumsic</strong></span> <span class='ocrx_word' id='word_1_128' title='bbox 459 1808 643 1906; x_wconf 76' lang='lat' dir='ltr'><strong>baptizatis.</strong></span> <span class='ocrx_word' id='word_1_129' title='bbox 683 1811 772 1878; x_wconf 86' lang='lat' dir='ltr'><strong>Nam</strong></span> <span class='ocrx_word' id='word_1_130' title='bbox 793 1809 821 1878; x_wconf 88' lang='lat' dir='ltr'><strong>si</strong></span> <span class='ocrx_word' id='word_1_131' title='bbox 835 1747 1098 1911; x_wconf 73' lang='lat' dir='ltr'><strong>hichaptismus·</strong></span> 
     </span>
     <span class='ocr_line' id='line_1_18' title="bbox 17 1892 1091 1988; baseline 0.005 -29"><span class='ocrx_word' id='word_1_132' title='bbox 17 1893 104 1964; x_wconf 85' lang='lat' dir='ltr'><strong>ritus</strong></span> <span class='ocrx_word' id='word_1_133' title='bbox 118 1909 218 1977; x_wconf 86' lang='lat' dir='ltr'><strong>esset,</strong></span> <span class='ocrx_word' id='word_1_134' title='bbox 248 1893 347 1963; x_wconf 90' lang='lat' dir='ltr'><strong>nullis</strong></span> <span class='ocrx_word' id='word_1_135' title='bbox 366 1897 506 1968; x_wconf 74' lang='lat' dir='ltr'><strong>daretur</strong></span> <span class='ocrx_word' id='word_1_136' title='bbox 521 1892 665 1988; x_wconf 83' lang='lat' dir='ltr'><strong>Spiritus</strong></span> <span class='ocrx_word' id='word_1_137' title='bbox 687 1909 836 1979; x_wconf 88' lang='lat' dir='ltr'><strong>sanctus,</strong></span> <span class='ocrx_word' id='word_1_138' title='bbox 866 1893 954 1962; x_wconf 80' lang='lat' dir='ltr'><strong>nulli</strong></span> <span class='ocrx_word' id='word_1_139' title='bbox 974 1895 1091 1964; x_wconf 78' lang='lat' dir='ltr'><strong>fierent</strong></span> 
     </span>
     <span class='ocr_line' id='line_1_19' title="bbox 17 1977 1091 2074; baseline 0.003 -29"><span class='ocrx_word' id='word_1_140' title='bbox 17 1977 98 2063; x_wconf 84' lang='lat' dir='ltr'><strong>tlvi,</strong></span> <span class='ocrx_word' id='word_1_141' title='bbox 127 1977 275 2074; x_wconf 78' lang='lat' dir='ltr'><strong>denique</strong></span> <span class='ocrx_word' id='word_1_142' title='bbox 294 1978 387 2049; x_wconf 91' lang='lat' dir='ltr'><strong>nulla</strong></span> <span class='ocrx_word' id='word_1_143' title='bbox 408 1996 492 2051; x_wconf 85' lang='lat' dir='ltr'><strong>esset</strong></span> <span class='ocrx_word' id='word_1_144' title='bbox 514 1977 673 2049; x_wconf 85' lang='lat' dir='ltr'><strong>Ecclesia.</strong></span> <span class='ocrx_word' id='word_1_145' title='bbox 717 1983 806 2050; x_wconf 83' lang='lat' dir='ltr'><strong>Haec</strong></span> <span class='ocrx_word' id='word_1_146' title='bbox 825 1979 909 2073; x_wconf 75' lang='lat' dir='ltr'><strong>ratip</strong></span> <span class='ocrx_word' id='word_1_147' title='bbox 930 1979 1035 2049; x_wconf 88' lang='lat' dir='ltr'><strong>honas</strong></span> <span class='ocrx_word' id='word_1_148' title='bbox 1057 1993 1091 2048; x_wconf 87' lang='lat' dir='ltr'><strong>ct</strong></span> 
     </span>
     <span class='ocr_line' id='line_1_20' title="bbox 16 2061 1194 2163; baseline 0.001 -33"><span class='ocrx_word' id='word_1_149' title='bbox 16 2061 63 2131; x_wconf 83' lang='lat' dir='ltr'><strong>ias</strong></span> <span class='ocrx_word' id='word_1_150' title='bbox 76 2081 201 2163; x_wconf 79' lang='lat' dir='ltr'><strong>mentes</strong></span> <span class='ocrx_word' id='word_1_151' title='bbox 219 2061 270 2133; x_wconf 86' lang='lat' dir='ltr'><strong>vel</strong></span> <span class='ocrx_word' id='word_1_152' title='bbox 293 2065 363 2134; x_wconf 90' lang='lat' dir='ltr'><strong>sola</strong></span> <span class='ocrx_word' id='word_1_153' title='bbox 386 2067 464 2135; x_wconf 89' lang='lat' dir='ltr'><strong>satis</strong></span> <span class='ocrx_word' id='word_1_154' title='bbox 488 2065 683 2135; x_wconf 82' lang='lat' dir='ltr'><strong>confirmare</strong></span> <span class='ocrx_word' id='word_1_155' title='bbox 704 2079 814 2162; x_wconf 88' lang='lat' dir='ltr'><strong>potest</strong></span> <span class='ocrx_word' id='word_1_156' title='bbox 836 2078 950 2138; x_wconf 89' lang='lat' dir='ltr'><strong>contra</strong></span> <span class='ocrx_word' id='word_1_157' title='bbox 966 2061 1097 2158; x_wconf 79' lang='lat' dir='ltr'><strong>impias·</strong></span> <span class='ocrx_word' id='word_1_158' title='bbox 1191 2119 1194 2126; x_wconf 94' lang='lat'><em>.</em></span> 
     </span>
     <span class='ocr_line' id='line_1_21' title="bbox 16 2147 1203 2221; baseline 0.002 -5"><span class='ocrx_word' id='word_1_159' title='bbox 16 2147 198 2219; x_wconf 83' lang='lat' dir='ltr'><strong>:sanatrcas</strong></span> <span class='ocrx_word' id='word_1_160' title='bbox 220 2175 238 2218; x_wconf 94' lang='grc' dir='ltr'><strong>ο</strong></span> <span class='ocrx_word' id='word_1_161' title='bbox 263 2148 391 2221; x_wconf 89' lang='lat' dir='ltr'><strong>iniones</strong></span> <span class='ocrx_word' id='word_1_162' title='bbox 405 2152 517 2221; x_wconf 85' lang='lat' dir='ltr'><strong>Anaba</strong></span> <span class='ocrx_word' id='word_1_163' title='bbox 544 2149 705 2220; x_wconf 87' lang='lat' dir='ltr'><strong>tistarum.</strong></span> <span class='ocrx_word' id='word_1_164' title='bbox 1087 2155 1089 2160; x_wconf 80' lang='grc'><strong>’</strong></span> <span class='ocrx_word' id='word_1_165' title='bbox 1201 2161 1203 2168; x_wconf 83' lang='grc'><em>’</em></span> 
     </span>
    </p>
   </div>
   <div class='ocr_carea' id='block_1_5' title="bbox 20 2211 1233 2333">
    <p class='ocr_par' dir='ltr' id='par_1_7' title="bbox 20 2211 1233 2333">
     <span class='ocr_line' id='line_1_22' title="bbox 20 2211 1233 2333; baseline -0.003 -28"><span class='ocrx_word' id='word_1_166' title='bbox 20 2293 24 2298; x_wconf 92' lang='grc'>.</span> <span class='ocrx_word' id='word_1_167' title='bbox 77 2237 171 2306; x_wconf 87' lang='lat' dir='ltr'><strong>DEC</strong></span> <span class='ocrx_word' id='word_1_168' title='bbox 260 2231 501 2306; x_wconf 79' lang='lat' dir='ltr'><strong>SAR&#39;I&#39;ICUL</strong></span> <span class='ocrx_word' id='word_1_169' title='bbox 579 2237 782 2332; x_wconf 86' lang='lat' dir='ltr'><strong>approbatus</strong></span> <span class='ocrx_word' id='word_1_170' title='bbox 798 2245 859 2333; x_wconf 67' lang='lat' dir='ltr'><strong>ost,</strong></span> <span class='ocrx_word' id='word_1_171' title='bbox 876 2235 912 2303; x_wconf 91' lang='lat' dir='ltr'><strong>in</strong></span> <span class='ocrx_word' id='word_1_172' title='bbox 927 2259 995 2330; x_wconf 89' lang='lat' dir='ltr'><strong>quo</strong></span> <span class='ocrx_word' id='word_1_173' title='bbox 1009 2257 1090 2304; x_wconf 83' lang='lat' dir='ltr'><strong>con-</strong></span> <span class='ocrx_word' id='word_1_174' title='bbox 1175 2211 1179 2216; x_wconf 26' lang='lat'><em>*</em></span> <span class='ocrx_word' id='word_1_175' title='bbox 1229 2213 1233 2228; x_wconf 48' lang='lat'>⁸</span> 
     </span>
    </p>
   </div>
   <div class='ocr_carea' id='block_1_6' title="bbox 13 2318 1192 3011">
    <p class='ocr_par' dir='ltr' id='par_1_8' title="bbox 13 2318 1192 3011">
     <span class='ocr_line' id='line_1_23' title="bbox 15 2318 1096 2416; baseline 0.002 -28"><span class='ocrx_word' id='word_1_176' title='bbox 15 2335 144 2403; x_wconf 86' lang='lat' dir='ltr'><strong>temur,</strong></span> <span class='ocrx_word' id='word_1_177' title='bbox 172 2344 233 2389; x_wconf 92' lang='lat' dir='ltr'><strong>nos</strong></span> <span class='ocrx_word' id='word_1_178' title='bbox 248 2323 384 2404; x_wconf 88' lang='lat' dir='ltr'><strong>sentire,</strong></span> <span class='ocrx_word' id='word_1_179' title='bbox 414 2321 506 2416; x_wconf 88' lang='lat' dir='ltr'><strong>quod</strong></span> <span class='ocrx_word' id='word_1_180' title='bbox 520 2319 556 2390; x_wconf 91' lang='lat' dir='ltr'><strong>in</strong></span> <span class='ocrx_word' id='word_1_181' title='bbox 572 2342 673 2390; x_wconf 85' lang='lat' dir='ltr'><strong>coena</strong></span> <span class='ocrx_word' id='word_1_182' title='bbox 694 2318 834 2389; x_wconf 74' lang='lat' dir='ltr'><strong>Domina</strong></span> <span class='ocrx_word' id='word_1_183' title='bbox 856 2345 931 2408; x_wconf 78' lang='lat' dir='ltr'><strong>vere</strong></span> <span class='ocrx_word' id='word_1_184' title='bbox 958 2336 990 2392; x_wconf 88' lang='lat' dir='ltr'><strong>ot</strong></span> <span class='ocrx_word' id='word_1_185' title='bbox 1007 2319 1096 2390; x_wconf 58' lang='lat' dir='ltr'><strong>suh-²</strong></span> 
     </span>
     <span class='ocr_line' id='line_1_24' title="bbox 14 2402 1192 2508; baseline -0.002 -35"><span class='ocrx_word' id='word_1_186' title='bbox 14 2403 187 2499; x_wconf 70' lang='lat' dir='ltr'><strong>entialiter</strong></span> <span class='ocrx_word' id='word_1_187' title='bbox 201 2403 308 2474; x_wconf 79' lang='lat' dir='ltr'><strong>a‘dsint</strong></span> <span class='ocrx_word' id='word_1_188' title='bbox 329 2429 446 2499; x_wconf 88' lang='lat' dir='ltr'><strong>corpus</strong></span> <span class='ocrx_word' id='word_1_189' title='bbox 468 2420 500 2474; x_wconf 92' lang='lat' dir='ltr'><strong>et</strong></span> <span class='ocrx_word' id='word_1_190' title='bbox 516 2405 649 2508; x_wconf 77' lang='lat' dir='ltr'><strong>sanguis</strong></span> <span class='ocrx_word' id='word_1_191' title='bbox 670 2403 815 2490; x_wconf 82' lang='lat' dir='ltr'><strong>Christi,</strong></span> <span class='ocrx_word' id='word_1_192' title='bbox 844 2419 877 2478; x_wconf 89' lang='lat' dir='ltr'><strong>et</strong></span> <span class='ocrx_word' id='word_1_193' title='bbox 897 2429 972 2474; x_wconf 77' lang='lat' dir='ltr'><strong>rere</strong></span> <span class='ocrx_word' id='word_1_194' title='bbox 996 2402 1091 2499; x_wconf 85' lang='lat' dir='ltr'><strong>exhi·</strong></span> <span class='ocrx_word' id='word_1_195' title='bbox 1186 2473 1192 2480; x_wconf 79' lang='grc'><strong><em>,</em></strong></span> 
     </span>
     <span class='ocr_line' id='line_1_25' title="bbox 14 2486 1092 2586; baseline -0.003 -27"><span class='ocrx_word' id='word_1_196' title='bbox 14 2505 130 2560; x_wconf 86' lang='lat' dir='ltr'><strong>eantur</strong></span> <span class='ocrx_word' id='word_1_197' title='bbox 144 2488 299 2565; x_wconf 82' lang='lat' dir='ltr'><strong>cumillis</strong></span> <span class='ocrx_word' id='word_1_198' title='bbox 313 2490 431 2572; x_wconf 89' lang='lat' dir='ltr'><strong>rebus,</strong></span> <span class='ocrx_word' id='word_1_199' title='bbox 460 2512 544 2586; x_wconf 80' lang='lat' dir='ltr'><strong>quae</strong></span> <span class='ocrx_word' id='word_1_200' title='bbox 557 2489 727 2574; x_wconf 83' lang='lat' dir='ltr'><strong>ndentur,</strong></span> <span class='ocrx_word' id='word_1_201' title='bbox 758 2513 844 2584; x_wconf 91' lang='lat' dir='ltr'><strong>pane</strong></span> <span class='ocrx_word' id='word_1_202' title='bbox 865 2506 898 2561; x_wconf 85' lang='lat' dir='ltr'><strong>ct</strong></span> <span class='ocrx_word' id='word_1_203' title='bbox 912 2489 1007 2573; x_wconf 85' lang='lat' dir='ltr'><strong>vino,</strong></span> <span class='ocrx_word' id='word_1_204' title='bbox 1036 2486 1092 2556; x_wconf 88' lang='lat' dir='ltr'><strong>his</strong></span> 
     </span>
     <span class='ocr_line' id='line_1_26' title="bbox 14 2573 1090 2670; baseline -0.002 -26"><span class='ocrx_word' id='word_1_205' title='bbox 14 2576 46 2644; x_wconf 89' lang='lat' dir='ltr'><strong>ni</strong></span> <span class='ocrx_word' id='word_1_206' title='bbox 74 2590 312 2644; x_wconf 85' lang='lat' dir='ltr'><strong>sacramentum</strong></span> <span class='ocrx_word' id='word_1_207' title='bbox 334 2573 507 2670; x_wconf 84' lang='lat' dir='ltr'><strong>accipiunt.</strong></span> <span class='ocrx_word' id='word_1_208' title='bbox 551 2579 647 2645; x_wconf 87' lang='lat' dir='ltr'><strong>Hanc</strong></span> <span class='ocrx_word' id='word_1_209' title='bbox 677 2573 872 2646; x_wconf 87' lang='lat' dir='ltr'><strong>sententiam</strong></span> <span class='ocrx_word' id='word_1_210' title='bbox 904 2588 1090 2645; x_wconf 86' lang='lat' dir='ltr'><strong>constanter</strong></span> 
     </span>
     <span class='ocr_line' id='line_1_27' title="bbox 14 2659 1095 2753; baseline -0.005 -22"><span class='ocrx_word' id='word_1_211' title='bbox 14 2659 213 2743; x_wconf 86' lang='lat' dir='ltr'><strong>esendimus,</strong></span> <span class='ocrx_word' id='word_1_212' title='bbox 242 2686 279 2729; x_wconf 83' lang='lat' dir='ltr'><strong>re</strong></span> <span class='ocrx_word' id='word_1_213' title='bbox 293 2659 469 2750; x_wconf 82' lang='lat' dir='ltr'><strong>diligenter</strong></span> <span class='ocrx_word' id='word_1_214' title='bbox 481 2659 642 2753; x_wconf 88' lang='lat' dir='ltr'><strong>inquisita</strong></span> <span class='ocrx_word' id='word_1_215' title='bbox 664 2676 696 2730; x_wconf 91' lang='lat' dir='ltr'><strong>ct</strong></span> <span class='ocrx_word' id='word_1_216' title='bbox 712 2660 845 2750; x_wconf 71' lang='lat' dir='ltr'><strong>agitata.</strong></span> <span class='ocrx_word' id='word_1_217' title='bbox 859 2659 874 2692; x_wconf 74' lang='lat'><strong>⁹</strong></span> <span class='ocrx_word' id='word_1_218' title='bbox 888 2662 977 2730; x_wconf 89' lang='lat' dir='ltr'><strong>Cum</strong></span> <span class='ocrx_word' id='word_1_219' title='bbox 998 2659 1095 2750; x_wconf 83' lang='lat' dir='ltr'><strong>enim&#39;</strong></span> 
     </span>
     <span class='ocr_line' id='line_1_28' title="bbox 14 2743 1179 2846; baseline -0.005 -30"><span class='ocrx_word' id='word_1_220' title='bbox 14 2745 113 2820; x_wconf 87' lang='lat' dir='ltr'><strong>aulus</strong></span> <span class='ocrx_word' id='word_1_221' title='bbox 130 2744 234 2830; x_wconf 89' lang='lat' dir='ltr'><strong>dicat,</strong></span> <span class='ocrx_word' id='word_1_222' title='bbox 264 2751 385 2840; x_wconf 69' lang='lat' dir='ltr'><strong>panem</strong></span> <span class='ocrx_word' id='word_1_223' title='bbox 399 2769 467 2815; x_wconf 89' lang='lat' dir='ltr'><strong>esse</strong></span> <span class='ocrx_word' id='word_1_224' title='bbox 479 2745 764 2846; x_wconf 78' lang='lat' dir='ltr'><strong>participationem</strong></span> <span class='ocrx_word' id='word_1_225' title='bbox 778 2745 925 2842; x_wconf 88' lang='lat' dir='ltr'><strong>corporis</strong></span> <span class='ocrx_word' id='word_1_226' title='bbox 940 2743 1089 2844; x_wconf 80' lang='lat' dir='ltr'><strong>Domini,</strong></span> <span class='ocrx_word' id='word_1_227' title='bbox 1177 2801 1179 2810; x_wconf 80' lang='grc'>,</span> 
     </span>
     <span class='ocr_line' id='line_1_29' title="bbox 14 2831 1089 2926; baseline -0.004 -26"><span class='ocrx_word' id='word_1_228' title='bbox 14 2860 53 2906; x_wconf 59' lang='lat' dir='ltr'><strong>ze„</strong></span> <span class='ocrx_word' id='word_1_229' title='bbox 73 2840 280 2926; x_wconf 82' lang='lat' dir='ltr'><strong>sequeretur,</strong></span> <span class='ocrx_word' id='word_1_230' title='bbox 310 2855 430 2925; x_wconf 87' lang='lat' dir='ltr'><strong>panem</strong></span> <span class='ocrx_word' id='word_1_231' title='bbox 452 2853 519 2899; x_wconf 92' lang='lat' dir='ltr'><strong>non</strong></span> <span class='ocrx_word' id='word_1_232' title='bbox 533 2856 602 2901; x_wconf 89' lang='lat' dir='ltr'><strong>esse</strong></span> <span class='ocrx_word' id='word_1_233' title='bbox 623 2831 911 2926; x_wconf 78' lang='lat' dir='ltr'><strong>participationem</strong></span> <span class='ocrx_word' id='word_1_234' title='bbox 929 2853 1089 2926; x_wconf 89' lang='lat' dir='ltr'><strong>corpons,</strong></span> 
     </span>
     <span class='ocr_line' id='line_1_30' title="bbox 13 2911 1090 3011; baseline -0.006 -24"><span class='ocrx_word' id='word_1_235' title='bbox 13 2917 44 2987; x_wconf 75' lang='lat' dir='ltr'><strong>ed</strong></span> <span class='ocrx_word' id='word_1_236' title='bbox 62 2931 192 2984; x_wconf 88' lang='lat' dir='ltr'><strong>tantum</strong></span> <span class='ocrx_word' id='word_1_237' title='bbox 208 2914 342 3011; x_wconf 87' lang='lat' dir='ltr'><strong>spiritus</strong></span> <span class='ocrx_word' id='word_1_238' title='bbox 357 2911 500 2998; x_wconf 78' lang='lat' dir='ltr'><strong>Christi3</strong></span> <span class='ocrx_word' id='word_1_239' title='bbox 519 2915 551 2994; x_wconf 76' lang='lat' dir='ltr'><strong>si</strong></span> <span class='ocrx_word' id='word_1_240' title='bbox 565 2941 637 2994; x_wconf 85' lang='lat' dir='ltr'><strong>non</strong></span> <span class='ocrx_word' id='word_1_241' title='bbox 647 2915 775 2986; x_wconf 86' lang='lat' dir='ltr'><strong>adesset</strong></span> <span class='ocrx_word' id='word_1_242' title='bbox 788 2941 864 2986; x_wconf 88' lang='lat' dir='ltr'><strong>rere</strong></span> <span class='ocrx_word' id='word_1_243' title='bbox 883 2938 1001 3009; x_wconf 69' lang='lat' dir='ltr'><strong>corpas</strong></span> <span class='ocrx_word' id='word_1_244' title='bbox 1015 2919 1090 2982; x_wconf 89' lang='lat' dir='ltr'><strong>Do-</strong></span> 
     </span>
    </p>
   </div>
   <div class='ocr_carea' id='block_1_7' title="bbox 14 2997 1196 3093">
    <p class='ocr_par' dir='ltr' id='par_1_9' title="bbox 14 2997 1196 3093">
     <span class='ocr_line' id='line_1_31' title="bbox 14 2997 1196 3093; baseline -0.001 -25"><span class='ocrx_word' id='word_1_245' title='bbox 14 2998 83 3068; x_wconf 72' lang='lat' dir='ltr'><strong>tini.</strong></span> <span class='ocrx_word' id='word_1_246' title='bbox 116 3003 162 3069; x_wconf 85' lang='lat' dir='ltr'><strong>Et</strong></span> <span class='ocrx_word' id='word_1_247' title='bbox 177 3000 395 3093; x_wconf 78' lang='lat' dir='ltr'><strong>comperimus</strong></span> <span class='ocrx_word' id='word_1_248' title='bbox 410 3013 477 3069; x_wconf 88' lang='lat' dir='ltr'><strong>non</strong></span> <span class='ocrx_word' id='word_1_249' title='bbox 494 3015 620 3070; x_wconf 87' lang='lat' dir='ltr'><strong>tantum</strong></span> <span class='ocrx_word' id='word_1_250' title='bbox 636 3005 822 3072; x_wconf 86' lang='lat' dir='ltr'><strong>Romanam</strong></span> <span class='ocrx_word' id='word_1_251' title='bbox 837 2997 1023 3070; x_wconf 86' lang='lat' dir='ltr'><strong>Ecclesiam</strong></span> <span class='ocrx_word' id='word_1_252' title='bbox 1035 2999 1090 3075; x_wconf 52' lang='lat' dir='ltr'><strong>aff-</strong></span> <span class='ocrx_word' id='word_1_253' title='bbox 1194 3053 1196 3059; x_wconf 91' lang='lat'><em>.</em></span> 
     </span>
    </p>
   </div>
   <div class='ocr_carea' id='block_1_8' title="bbox 14 3084 1115 3252">
    <p class='ocr_par' dir='ltr' id='par_1_10' title="bbox 14 3084 1115 3252">
     <span class='ocr_line' id='line_1_32' title="bbox 14 3084 1090 3180; baseline 0 -28"><span class='ocrx_word' id='word_1_254' title='bbox 14 3109 119 3154; x_wconf 87' lang='lat' dir='ltr'><strong>rmare</strong></span> <span class='ocrx_word' id='word_1_255' title='bbox 136 3084 341 3180; x_wconf 88' lang='lat' dir='ltr'><strong>corporalem</strong></span> <span class='ocrx_word' id='word_1_256' title='bbox 362 3085 580 3179; x_wconf 84' lang='lat' dir='ltr'><strong>praesentiam</strong></span> <span class='ocrx_word' id='word_1_257' title='bbox 599 3085 743 3169; x_wconf 88' lang='lat' dir='ltr'><strong>Christi,</strong></span> <span class='ocrx_word' id='word_1_258' title='bbox 777 3085 835 3155; x_wconf 85' lang='lat' dir='ltr'><strong>secl</strong></span> <span class='ocrx_word' id='word_1_259' title='bbox 857 3085 935 3156; x_wconf 86' lang='lat' dir='ltr'><strong>item</strong></span> <span class='ocrx_word' id='word_1_260' title='bbox 957 3101 990 3153; x_wconf 89' lang='lat' dir='ltr'><strong>et</strong></span> <span class='ocrx_word' id='word_1_261' title='bbox 1003 3108 1090 3152; x_wconf 91' lang='lat' dir='ltr'><strong>nunc</strong></span> 
     </span>
     <span class='ocr_line' id='line_1_33' title="bbox 14 3169 1115 3252; baseline -0.002 -13"><span class='ocrx_word' id='word_1_262' title='bbox 14 3169 128 3252; x_wconf 63' lang='lat' dir='ltr'><strong>tntire,</strong></span> <span class='ocrx_word' id='word_1_263' title='bbox 160 3183 193 3238; x_wconf 89' lang='lat' dir='ltr'><strong>et</strong></span> <span class='ocrx_word' id='word_1_264' title='bbox 210 3169 288 3240; x_wconf 87' lang='lat' dir='ltr'><strong>olim</strong></span> <span class='ocrx_word' id='word_1_265' title='bbox 304 3169 439 3239; x_wconf 90' lang='lat' dir='ltr'><strong>sensisse</strong></span> <span class='ocrx_word' id='word_1_266' title='bbox 455 3169 827 3248; x_wconf 75' lang='lat' dir='ltr'><strong>GraecamEcclesiam.</strong></span> <span class='ocrx_word' id='word_1_267' title='bbox 870 3171 909 3239; x_wconf 86' lang='lat' dir='ltr'><strong>td</strong></span> <span class='ocrx_word' id='word_1_268' title='bbox 933 3169 1021 3239; x_wconf 87' lang='lat' dir='ltr'><strong>enim</strong></span> <span class='ocrx_word' id='word_1_269' title='bbox 1038 3185 1089 3237; x_wconf 65' lang='lat' dir='ltr'><strong>te</strong></span> <span class='ocrx_word' id='word_1_270' title='bbox 1112 3185 1115 3192; x_wconf 82' lang='lat'>&#39;</span> 
     </span>
    </p>
   </div>
   <div class='ocr_carea' id='block_1_9' title="bbox 14 3227 1219 3410">
    <p class='ocr_par' dir='ltr' id='par_1_11' title="bbox 14 3227 1219 3410">
     <span class='ocr_line' id='line_1_34' title="bbox 14 3227 1219 3410; baseline -0.004 -83"><span class='ocrx_word' id='word_1_271' title='bbox 14 3272 93 3327; x_wconf 90' lang='lat' dir='ltr'><strong>atur</strong></span> <span class='ocrx_word' id='word_1_272' title='bbox 110 3256 228 3322; x_wconf 90' lang='lat' dir='ltr'><strong>Canon</strong></span> <span class='ocrx_word' id='word_1_273' title='bbox 247 3254 370 3324; x_wconf 86' lang='lat' dir='ltr'><strong>Missae</strong></span> <span class='ocrx_word' id='word_1_274' title='bbox 384 3254 474 3354; x_wconf 78' lang='lat' dir='ltr'><strong>apud</strong></span> <span class='ocrx_word' id='word_1_275' title='bbox 488 3253 585 3341; x_wconf 85' lang='lat' dir='ltr'><strong>illos,</strong></span> <span class='ocrx_word' id='word_1_276' title='bbox 615 3255 627 3325; x_wconf 95' lang='lat' dir='ltr'><strong>i</strong></span> <span class='ocrx_word' id='word_1_277' title='bbox 650 3281 732 3410; x_wconf 54' lang='grc' dir='ltr'><strong>ἑὲιο</strong></span> <span class='ocrx_word' id='word_1_278' title='bbox 753 3271 864 3350; x_wconf 85' lang='lat' dir='ltr'><strong>aperte</strong></span> <span class='ocrx_word' id='word_1_279' title='bbox 885 3270 958 3326; x_wconf 86' lang='lat' dir='ltr'><strong>orat</strong></span> <span class='ocrx_word' id='word_1_280' title='bbox 979 3278 1089 3323; x_wconf 86' lang='lat' dir='ltr'><strong>sacer·</strong></span> <span class='ocrx_word' id='word_1_281' title='bbox 1132 3328 1134 3334; x_wconf 22' lang='lat' dir='ltr'><strong><em>s</em></strong></span> <span class='ocrx_word' id='word_1_282' title='bbox 1178 3323 1180 3328; x_wconf 86' lang='lat'><em>.</em></span> <span class='ocrx_word' id='word_1_283' title='bbox 1215 3227 1219 3234; x_wconf 25' lang='grc' dir='ltr'>ι</span> 
     </span>
    </p>
   </div>
   <div class='ocr_carea' id='block_1_10' title="bbox 14 3338 1219 4366">
    <p class='ocr_par' dir='ltr' id='par_1_12' title="bbox 14 3338 1175 3858">
     <span class='ocr_line' id='line_1_35' title="bbox 14 3338 1088 3438; baseline -0.005 -28"><span class='ocrx_word' id='word_1_284' title='bbox 14 3366 64 3422; x_wconf 74' lang='lat' dir='ltr'><strong>ts,</strong></span> <span class='ocrx_word' id='word_1_285' title='bbox 95 3355 133 3408; x_wconf 92' lang='lat' dir='ltr'><strong>ut</strong></span> <span class='ocrx_word' id='word_1_286' title='bbox 148 3354 275 3411; x_wconf 91' lang='lat' dir='ltr'><strong>mutato</strong></span> <span class='ocrx_word' id='word_1_287' title='bbox 290 3363 375 3436; x_wconf 90' lang='lat' dir='ltr'><strong>pane</strong></span> <span class='ocrx_word' id='word_1_288' title='bbox 390 3363 499 3432; x_wconf 79' lang='lat' dir='ltr'><strong>ipsum</strong></span> <span class='ocrx_word' id='word_1_289' title='bbox 514 3365 644 3437; x_wconf 91' lang='lat' dir='ltr'><strong>corpus.</strong></span> <span class='ocrx_word' id='word_1_290' title='bbox 704 3339 778 3410; x_wconf 90' lang='lat' dir='ltr'><strong>risti</strong></span> <span class='ocrx_word' id='word_1_291' title='bbox 791 3342 876 3431; x_wconf 62' lang='lat' dir='ltr'><strong>tint,</strong></span> <span class='ocrx_word' id='word_1_292' title='bbox 901 3345 947 3409; x_wconf 89' lang='lat' dir='ltr'><strong>Et</strong></span> <span class='ocrx_word' id='word_1_293' title='bbox 958 3338 1088 3438; x_wconf 68' lang='lat' dir='ltr'><strong>Vulgat,</strong></span> 
     </span>
     <span class='ocr_line' id='line_1_36' title="bbox 15 3423 1089 3520; baseline -0.002 -27"><span class='ocrx_word' id='word_1_294' title='bbox 15 3453 73 3508; x_wconf 90' lang='lat' dir='ltr'><strong>us,</strong></span> <span class='ocrx_word' id='word_1_295' title='bbox 106 3423 263 3520; x_wconf 87' lang='lat' dir='ltr'><strong>scriptor,</strong></span> <span class='ocrx_word' id='word_1_296' title='bbox 295 3440 334 3493; x_wconf 87' lang='lat' dir='ltr'><strong>ut</strong></span> <span class='ocrx_word' id='word_1_297' title='bbox 350 3423 447 3494; x_wconf 89' lang='lat' dir='ltr'><strong>nohis</strong></span> <span class='ocrx_word' id='word_1_298' title='bbox 469 3425 613 3511; x_wconf 83' lang='lat' dir='ltr'><strong>videtur,</strong></span> <span class='ocrx_word' id='word_1_299' title='bbox 642 3451 709 3496; x_wconf 90' lang='lat' dir='ltr'><strong>non</strong></span> <span class='ocrx_word' id='word_1_300' title='bbox 734 3425 871 3510; x_wconf 85' lang='lat' dir='ltr'><strong>stultus,</strong></span> <span class='ocrx_word' id='word_1_301' title='bbox 902 3426 1089 3496; x_wconf 82' lang='lat' dir='ltr'><strong>disertcm·</strong></span> 
     </span>
     <span class='ocr_line' id='line_1_37' title="bbox 14 3510 1089 3604; baseline -0.001 -26"><span class='ocrx_word' id='word_1_302' title='bbox 14 3510 74 3592; x_wconf 88' lang='lat' dir='ltr'><strong>1it,</strong></span> <span class='ocrx_word' id='word_1_303' title='bbox 107 3534 227 3604; x_wconf 85' lang='lat' dir='ltr'><strong>panem</strong></span> <span class='ocrx_word' id='word_1_304' title='bbox 244 3533 312 3602; x_wconf 85' lang='lat' dir='ltr'><strong>non</strong></span> <span class='ocrx_word' id='word_1_305' title='bbox 324 3513 452 3580; x_wconf 83' lang='lat' dir='ltr'><strong>tantum</strong></span> <span class='ocrx_word' id='word_1_306' title='bbox 469 3511 607 3602; x_wconf 83' lang='lat' dir='ltr'><strong>liguram</strong></span> <span class='ocrx_word' id='word_1_307' title='bbox 623 3536 720 3602; x_wconf 83' lang='lat' dir='ltr'><strong>esse,</strong></span> <span class='ocrx_word' id='word_1_308' title='bbox 739 3511 796 3582; x_wconf 88' lang='lat' dir='ltr'><strong>scd</strong></span> <span class='ocrx_word' id='word_1_309' title='bbox 817 3535 892 3580; x_wconf 89' lang='lat' dir='ltr'><strong>vere</strong></span> <span class='ocrx_word' id='word_1_310' title='bbox 908 3511 943 3578; x_wconf 91' lang='lat' dir='ltr'><strong>in</strong></span> <span class='ocrx_word' id='word_1_311' title='bbox 957 3523 1089 3579; x_wconf 84' lang='lat' dir='ltr'><strong>carnem</strong></span> 
     </span>
     <span class='ocr_line' id='line_1_38' title="bbox 17 3593 1089 3698; baseline 0.002 -36"><span class='ocrx_word' id='word_1_312' title='bbox 17 3595 116 3664; x_wconf 87' lang='lat' dir='ltr'><strong>utari.</strong></span> <span class='ocrx_word' id='word_1_313' title='bbox 159 3599 205 3664; x_wconf 86' lang='lat' dir='ltr'><strong>Et</strong></span> <span class='ocrx_word' id='word_1_314' title='bbox 220 3595 320 3688; x_wconf 87' lang='lat' dir='ltr'><strong>longa</strong></span> <span class='ocrx_word' id='word_1_315' title='bbox 333 3593 493 3664; x_wconf 85' lang='lat' dir='ltr'><strong>sententia</strong></span> <span class='ocrx_word' id='word_1_316' title='bbox 510 3605 558 3664; x_wconf 86' lang='lat' dir='ltr'><strong>est</strong></span> <span class='ocrx_word' id='word_1_317' title='bbox 574 3593 712 3696; x_wconf 79' lang='lat' dir='ltr'><strong>Cyrilli²</strong></span> <span class='ocrx_word' id='word_1_318' title='bbox 725 3595 778 3664; x_wconf 57' lang='lat' dir='ltr'><strong>2in</strong></span> <span class='ocrx_word' id='word_1_319' title='bbox 802 3593 986 3664; x_wconf 81' lang='lat' dir='ltr'><strong>Johanncm</strong></span> <span class='ocrx_word' id='word_1_320' title='bbox 1016 3619 1089 3698; x_wconf 90' lang='lat' dir='ltr'><strong>cap.</strong></span> 
     </span>
     <span class='ocr_line' id='line_1_39' title="bbox 15 3677 1090 3775; baseline 0.002 -29"><span class='ocrx_word' id='word_1_321' title='bbox 15 3686 59 3746; x_wconf 88' lang='lat' dir='ltr'><strong>V.</strong></span> <span class='ocrx_word' id='word_1_322' title='bbox 82 3680 118 3748; x_wconf 90' lang='lat' dir='ltr'><strong>in</strong></span> <span class='ocrx_word' id='word_1_323' title='bbox 136 3687 201 3774; x_wconf 84' lang='lat' dir='ltr'><strong>qua</strong></span> <span class='ocrx_word' id='word_1_324' title='bbox 218 3681 330 3763; x_wconf 86' lang='lat' dir='ltr'><strong>docet,</strong></span> <span class='ocrx_word' id='word_1_325' title='bbox 364 3677 533 3748; x_wconf 89' lang='lat' dir='ltr'><strong>Christum</strong></span> <span class='ocrx_word' id='word_1_326' title='bbox 550 3679 764 3775; x_wconf 81' lang='lat' dir='ltr'><strong>corporaliter</strong></span> <span class='ocrx_word' id='word_1_327' title='bbox 778 3680 873 3752; x_wconf 89' lang='lat' dir='ltr'><strong>nobis</strong></span> <span class='ocrx_word' id='word_1_328' title='bbox 896 3678 1040 3750; x_wconf 85' lang='lat' dir='ltr'><strong>exhiberi</strong></span> <span class='ocrx_word' id='word_1_329' title='bbox 1054 3703 1090 3751; x_wconf 89' lang='lat' dir='ltr'><strong>m</strong></span> 
     </span>
     <span class='ocr_line' id='line_1_40' title="bbox 16 3761 1175 3858; baseline 0.005 -26"><span class='ocrx_word' id='word_1_330' title='bbox 16 3787 111 3836; x_wconf 79' lang='lat' dir='ltr'><strong>oona.</strong></span> <span class='ocrx_word' id='word_1_331' title='bbox 156 3763 211 3836; x_wconf 87' lang='lat' dir='ltr'><strong>Sic</strong></span> <span class='ocrx_word' id='word_1_332' title='bbox 228 3761 393 3833; x_wconf 86' lang='lat' dir='ltr'><strong>enimait:</strong></span> <span class='ocrx_word' id='word_1_333' title='bbox 437 3767 920 3858; x_wconf 81' lang='lat' dir='ltr'><strong>Nontamcnnegamusrccta</strong></span> <span class='ocrx_word' id='word_1_334' title='bbox 940 3789 1000 3835; x_wconf 89' lang='lat' dir='ltr'><strong>nos</strong></span> <span class='ocrx_word' id='word_1_335' title='bbox 1019 3763 1089 3837; x_wconf 79' lang='lat' dir='ltr'><strong>lide</strong></span> <span class='ocrx_word' id='word_1_336' title='bbox 1173 3783 1175 3788; x_wconf 80' lang='grc'><strong>“</strong></span> 
     </span>
    </p>

    <p class='ocr_par' dir='ltr' id='par_1_13' title="bbox 14 3845 1219 4366">
     <span class='ocr_line' id='line_1_41' title="bbox 14 3845 1219 3950; baseline 0.002 -32"><span class='ocrx_word' id='word_1_337' title='bbox 14 3845 187 3946; x_wconf 80' lang='lat' dir='ltr'><strong>tritateque</strong></span> <span class='ocrx_word' id='word_1_338' title='bbox 204 3847 331 3918; x_wconf 90' lang='lat' dir='ltr'><strong>sincera</strong></span> <span class='ocrx_word' id='word_1_339' title='bbox 347 3845 480 3946; x_wconf 77' lang='lat' dir='ltr'><strong>Christo</strong></span> <span class='ocrx_word' id='word_1_340' title='bbox 495 3847 707 3950; x_wconf 86' lang='lat' dir='ltr'><strong>spiritualiter</strong></span> <span class='ocrx_word' id='word_1_341' title='bbox 728 3849 904 3945; x_wconf 84' lang='lat' dir='ltr'><strong>conjungi,</strong></span> <span class='ocrx_word' id='word_1_342' title='bbox 916 3915 919 3918; x_wconf 84' lang='grc'><strong>,</strong></span> <span class='ocrx_word' id='word_1_343' title='bbox 931 3850 989 3919; x_wconf 83' lang='lat' dir='ltr'><strong>sed</strong></span> <span class='ocrx_word' id='word_1_344' title='bbox 1008 3852 1088 3921; x_wconf 85' lang='lat' dir='ltr'><strong>nul-</strong></span> <span class='ocrx_word' id='word_1_345' title='bbox 1216 3881 1219 3888; x_wconf 91' lang='lat'>·</span> 
     </span>
     <span class='ocr_line' id='line_1_42' title="bbox 18 3931 1089 4024; baseline 0.009 -26"><span class='ocrx_word' id='word_1_346' title='bbox 18 3958 53 3998; x_wconf 91' lang='lat' dir='ltr'><strong>m</strong></span> <span class='ocrx_word' id='word_1_347' title='bbox 75 3931 173 4000; x_wconf 80' lang='lat' dir='ltr'><strong>nohis</strong></span> <span class='ocrx_word' id='word_1_348' title='bbox 192 3934 439 4024; x_wconf 62' lang='lat' dir='ltr'><strong>*conjunctionrs</strong></span> <span class='ocrx_word' id='word_1_349' title='bbox 469 3949 631 4006; x_wconf 74' lang='lat' dir='ltr'><strong>rationem</strong></span> <span class='ocrx_word' id='word_1_350' title='bbox 657 3936 837 4010; x_wconf 84' lang='lat' dir='ltr'><strong>secundum</strong></span> <span class='ocrx_word' id='word_1_351' title='bbox 861 3959 991 4004; x_wconf 87' lang='lat' dir='ltr'><strong>carnem</strong></span> <span class='ocrx_word' id='word_1_352' title='bbox 1014 3961 1089 4008; x_wconf 90' lang='lat' dir='ltr'><strong>curn</strong></span> 
     </span>
     <span class='ocr_line' id='line_1_43' title="bbox 14 4015 1087 4170; baseline 0.007 -87"><span class='ocrx_word' id='word_1_353' title='bbox 14 4019 43 4084; x_wconf 85' lang='lat' dir='ltr'><strong>lo</strong></span> <span class='ocrx_word' id='word_1_354' title='bbox 58 4041 153 4115; x_wconf 76' lang='lat' dir='ltr'><strong>esse,</strong></span> <span class='ocrx_word' id='word_1_355' title='bbox 173 4015 209 4084; x_wconf 90' lang='lat' dir='ltr'><strong>id</strong></span> <span class='ocrx_word' id='word_1_356' title='bbox 222 4016 371 4170; x_wconf 73' lang='lat' dir='ltr'><strong>profecto</strong></span> <span class='ocrx_word' id='word_1_357' title='bbox 409 4043 614 4116; x_wconf 77' lang='lat' dir='ltr'><strong>‚ernegamus</strong></span> <span class='ocrx_word' id='word_1_358' title='bbox 655 4016 759 4119; x_wconf 65' lang='lat' dir='ltr'><strong>quue</strong></span> <span class='ocrx_word' id='word_1_359' title='bbox 774 4045 794 4090; x_wconf 89' lang='lat' dir='ltr'><strong>a</strong></span> <span class='ocrx_word' id='word_1_360' title='bbox 811 4019 931 4093; x_wconf 86' lang='lat' dir='ltr'><strong>divinis</strong></span> <span class='ocrx_word' id='word_1_361' title='bbox 944 4018 1006 4089; x_wconf 90' lang='lat' dir='ltr'><strong>scri</strong></span> <span class='ocrx_word' id='word_1_362' title='bbox 1032 4038 1087 4090; x_wconf 94' lang='lat' dir='ltr'><strong>tu-</strong></span> 
     </span>
     <span class='ocr_line' id='line_1_44' title="bbox 14 4103 1088 4192; baseline 0.002 -21"><span class='ocrx_word' id='word_1_363' title='bbox 14 4125 188 4172; x_wconf 77' lang='lat' dir='ltr'><strong>sornnmo</strong></span> <span class='ocrx_word' id='word_1_364' title='bbox 208 4113 349 4170; x_wconf 80' lang='lat' dir='ltr'><strong>erenum</strong></span> <span class='ocrx_word' id='word_1_365' title='bbox 393 4127 519 4173; x_wconf 76' lang='lat' dir='ltr'><strong>snmus.</strong></span> <span class='ocrx_word' id='word_1_366' title='bbox 565 4104 652 4192; x_wconf 82' lang='lat' dir='ltr'><strong>Quis</strong></span> <span class='ocrx_word' id='word_1_367' title='bbox 671 4131 761 4174; x_wconf 89' lang='lat' dir='ltr'><strong>emm</strong></span> <span class='ocrx_word' id='word_1_368' title='bbox 784 4103 963 4186; x_wconf 86' lang='lat' dir='ltr'><strong>dubitavit,</strong></span> <span class='ocrx_word' id='word_1_369' title='bbox 1039 4105 1088 4173; x_wconf 87' lang='lat' dir='ltr'><strong>ri-</strong></span> 
     </span>
     <span class='ocr_line' id='line_1_45' title="bbox 14 4183 1189 4290; baseline 0.004 -36"><span class='ocrx_word' id='word_1_370' title='bbox 14 4213 69 4260; x_wconf 88' lang='lat' dir='ltr'><strong>nm</strong></span> <span class='ocrx_word' id='word_1_371' title='bbox 89 4185 196 4256; x_wconf 84' lang='lat' dir='ltr'><strong>&#39;etiam</strong></span> <span class='ocrx_word' id='word_1_372' title='bbox 219 4183 267 4259; x_wconf 88' lang='lat' dir='ltr'><strong>sic</strong></span> <span class='ocrx_word' id='word_1_373' title='bbox 287 4186 386 4256; x_wconf 84' lang='lat' dir='ltr'><strong>vitem</strong></span> <span class='ocrx_word' id='word_1_374' title='bbox 407 4211 496 4270; x_wconf 88' lang='lat' dir='ltr'><strong>esse,</strong></span> <span class='ocrx_word' id='word_1_375' title='bbox 523 4211 582 4258; x_wconf 87' lang='lat' dir='ltr'><strong>nos</strong></span> <span class='ocrx_word' id='word_1_376' title='bbox 605 4191 682 4260; x_wconf 85' lang='lat' dir='ltr'><strong>vero</strong></span> <span class='ocrx_word' id='word_1_377' title='bbox 733 4189 878 4274; x_wconf 79' lang='lat' dir='ltr'><strong>almitas,</strong></span> <span class='ocrx_word' id='word_1_378' title='bbox 908 4189 1087 4290; x_wconf 73' lang='lat' dir='ltr'><strong>quiritum</strong></span> <span class='ocrx_word' id='word_1_379' title='bbox 1187 4195 1189 4203; x_wconf 87' lang='lat'>&#39;</span> 
     </span>
     <span class='ocr_line' id='line_1_46' title="bbox 15 4217 975 4366; baseline 0.004 -24"><span class='ocrx_word' id='word_1_380' title='bbox 15 4273 58 4342; x_wconf 90' lang='lat' dir='ltr'><strong>de</strong></span> <span class='ocrx_word' id='word_1_381' title='bbox 73 4270 173 4350; x_wconf 80' lang='lat' dir='ltr'><strong>nobis</strong></span> <span class='ocrx_word' id='word_1_382' title='bbox 190 4269 412 4366; x_wconf 75' lang='lat' dir='ltr'><strong>acquirimus?</strong></span> <span class='ocrx_word' id='word_1_383' title='bbox 455 4217 732 4345; x_wconf 72' lang='lat' dir='ltr'><strong>Andil’aulnrnll</strong></span> <span class='ocrx_word' id='word_1_384' title='bbox 960 4275 975 4292; x_wconf 75' lang='lat'><strong>&#39;⁰</strong></span> 
     </span>
    </p>
   </div>
   <div class='ocr_carea' id='block_1_11' title="bbox 0 0 1314 4902">
    <p class='ocr_par' dir='ltr' id='par_1_14' title="bbox 0 0 1314 4902">
     <span class='ocr_line' id='line_1_47' title="bbox 0 0 1314 4902; baseline 0 2"><span class='ocrx_word' id='word_1_385' title='bbox 0 0 1314 4902; x_wconf 95' lang='lat' dir='ltr'><strong> </strong></span> 
     </span>
    </p>
   </div>
   <div class='ocr_carea' id='block_1_12' title="bbox 734 4275 1266 4372">
    <p class='ocr_par' dir='ltr' id='par_1_15' title="bbox 734 4275 1266 4372">
     <span class='ocr_line' id='line_1_48' title="bbox 734 4275 1266 4372; baseline 0.006 -29"><span class='ocrx_word' id='word_1_386' title='bbox 734 4275 888 4372; x_wconf 85' lang='lat' dir='ltr'><strong>icentem,</strong></span> <span class='ocrx_word' id='word_1_387' title='bbox 908 4299 997 4368; x_wconf 86' lang='lat' dir='ltr'><strong>-qura</strong></span> <span class='ocrx_word' id='word_1_388' title='bbox 1012 4284 1087 4346; x_wconf 75' lang='lat' dir='ltr'><strong>tim-</strong></span> <span class='ocrx_word' id='word_1_389' title='bbox 1262 4322 1266 4330; x_wconf 38' lang='grc' dir='ltr'><strong><em>ι</em></strong></span> 
     </span>
    </p>
   </div>
  </div>
 </body>
</html>
