2548 4906
107 427 109 430 ,
203 407 211 420 -
258 351 260 358 ⁴
349 363 351 370 ’
392 349 651 432 confessionis.
712 429 716 436 f
769 338 772 344 ’
1000 351 1075 453 ι’69
1166 405 1169 410 -

16 533 96 631 ιρίἰι.
141 503 215 604 Con

280 519 334 604 tur
348 547 477 617 autem,
506 549 662 629 utsupra
686 529 847 620 diximus,
877 556 953 607 cnm
974 515 1075 610 corda

16 617 204 690 rterrclacta
227 557 445 712 fflangetium
468 618 626 719 audiunt,
656 633 690 689 et
711 618 970 692 consolationem
989 645 1074 692 cone
1173 649 1176 658 ·

16 708 110 777 ›iunt
395 759 398 766 .
596 753 600 764 ·

15 791 17 802 '
58 789 201 860 Prodest
213 787 323 890 igitur·
335 787 399 858 ista
420 788 627 875 distributio,
657 787 694 858 in
708 813 775 890 pua
796 785 951 862 tribuitur
967 787 1074 862 libero

15 875 113 945 bitrio
136 871 423 974 justituatcivilis,
437 891 472 968 et
493 875 617 1026 putida
638 899 654 946 s
680 873 818 947 intualis
843 874 1074 965 gubernationi

14 959 122 1028 >iritus
145 958 246 1028 sancti
266 981 303 1026 m
320 973 463 1028 renauss'
510 976 543 1028 ta
565 959 652 1030 enim
676 959 837 1030 retinetur
857 961 1074 1053 paedagogia,

14 1045 59 1112 iia
75 1067 187 1120 omnes
201 1041 351 1114 homines
365 1043 489 1140 pariter
503 1044 619 1114 debent
634 1044 731 1128 seire,
761 1061 793 1114 et
805 1045 896 1139 quod
918 1049 1010 1114 Deus
1027 1043 1074 1113 it.
1143 1081 1148 1089 ·

13 1147 43 1197 m
63 1127 190 1224 ciuilem
202 1128 359 1226 justitiam
374 1144 537 1222 requirat,
568 1144 600 1198 et
614 1131 707 1228 quod·
723 1129 833 1226 aliquo
854 1129 953 1200 modo
972 1154 1087 1234 prae-³
1111 1189 1114 1204 .

13 1237 62 1282 aro
79 1237 151 1283 eam
162 1237 341 1306 possimus.
383 1217 429 1281 Et
453 1229 562 1294 tamen
583 1213 765 1286 ostenditur
789 1214 960 1283 discrimen
983 1215 1074 1286 rhter
1194 1210 1197 1219 ’

14 1299 138 1368 stitiam
153 1295 331 1378 humanam
346 1313 379 1367 et
394 1296 615 1391 spiritualem,
637 1297 725 1368 inter
744 1297 1018 1394 philosophicam,
1042 1313 1074 1368 et

12 1382 160 1454 utrinam
173 1381 453 1478 Spiritussancti,
475 1400 506 1452 et
520 1382 666 1474 intelligi
707 1399 809 1466 otest,
836 1383 878 1453 ad
893 1383 973 1484 quid
989 1407 1073 1476 opus
1141 1401 1143 1410 ’

12 1487 18 1536 t
36 1467 306 1564 Spiritusancto..
340 1473 455 1572 Neque
480 1467 559 1536 hacc
575 1409 771 1538 disertioris
789 1491 810 1535 a
825 1469 921 1536 nobis
939 1467 1073 1539 *inventa
1094 1543 1105 1562 ‚

12 1569 41 1635 t,
69 1553 127 1620 sed
148 1552 306 1646 scriptura
330 1548 510 1622 clarissime
536 1552 637 1625 tradit
659 1557 764 1639 eam.'
786 1557 920 1623 Tractat
945 1576 1016 1622 eam
1039 1567 1074 1624 et

11 1637 198 1738 ugustinus,
226 1654 258 1706 et
271 1643 324 1706 est
337 1662 448 1710 recens
473 1637 601 1729 egregie
609 1649 749 1708 'traoma
772 1661 792 1706 a
806 1633 989 1706 Guilielmo
1004 1641 1073 1730 Pa,-

11 1721 123 1805 sronsi,
151 1720 354 1808 sodsceleste
371 1725 487 1793 obruta
507 1723 611 1792 estab
626 1723 717 1806 istis,
745 1721 804 1814 qui
827 1721 1074 1791 somniaverunt
1140 1727 1154 1742 “

10 1805 127 1876 omines
149 1803 214 1910 legi
232 1806 297 1876 Dei
321 1807 451 1878 obedire
474 1831 571 1904 posse
587 1806 666 1882 ¹siue
681 1805 818 1902 Spiritu
832 1821 969 1900 sancto,
999 1803 1074 1876 dari
1170 1835 1176 1840 ·

10 1909 86 1960 rtem
105 1892 265 1984 Spiritum
280 1905 446 1978 sanctum,
475 1909 512 1962 nt
528 1893 656 1974 accedat
666 1907 831 1988 respectus
845 1889 1019 1960 meritorii.
1175 1961 1183 1973 ,

59 1979 329 2048 AR'rtCULUM
346 1981 434 2047 XIX.
458 1977 621 2072 recipiunt
637 1975 894 2058 adversarii,·in
906 2001 977 2071 quo
992 1999 1073 2058 con·-
1147 2036 1149 2044 .
1177 2051 1180 2060 ,

11 2087 121 2145 emur,
153 2063 241 2156 quod
256 2061 319 2131 etsi
339 2087 424 2132 unus
447 2083 485 2133 ac
506 2062 596 2132 solus
620 2067 710 2132 Deus
730 2060 914 2132 condiderit
936 2061 1073 2132 univer·
1203 2089 1205 2100 ¹

11 2159 44 2216 m
60 2151 229 2230 naturam,
257 2163 289 2216 et
309 2163 476 2217 conservet
501 2147 633 2231 omnia,
662 2171 745 2242 quae
768 2145 929 2228 existunt,
963 2162 1073 2217 tamen

10 2257 70 2300 usa
84 2231 205 2325 peccati
220 2231 263 2304 sit
277 2233 427 2302 voluntas
440 2232 476 2300 in
491 2231 624 2304 diaholo
645 2248 677 2301 et
688 2229 899 2314 hominibus,
922 2247 1073 2300 avertem

25 2339 46 2384 a
61 2321 153 2401 Deo,
180 2317 274 2409 'juata
288 2317 411 2387 dictum
429 2315 554 2386 Christi
571 2318 613 2386 de
632 2316 784 2388 diaholo:
814 2316 901 2384 Cum
923 2313 1074 2408 loquitur

9 2401 202 2485 cndaciunr,
228 2427 271 2472 ex
309 2402 429 2496 ropriis
447 2402 480 2472 lo
530 2402 608 2472 'turs
941 2423 945 2433 '
1130 2477 1132 2482 ,

61 2491 110 2556 ΙΝ
122 2487 261 2556 AR‘l'lC
296 2491 357 2556 LO
379 2493 447 2556 XX.
504 2486 599 2562 iserte
638 2483 964 2578 onnnthaec-verba,
983 2481 1074 2580 quod

7 2570 126 2665 jiciant
140 2585 173 2640 et
186 2571 372 2666 improbent
385 2571 465 2655 hoc,
496 2573 587 2668 quod
612 2511 768 2656 dicimus,
784 2571 888 2666 ·qnod
910 2595 982 2640 non·
999 2595 1074 2639 me-

7 2673 109 2726 antur
130 2655 280 2727 hominos
306 2658 532 2727 remissionom
559 2673 767 2754 pcccatorum
791 2655 888 2754 bonis
908 2654 1098 2752 operibus.'.

7 2740 264 2829 uncerticulum
285 2741 373 2813 clare
400 2742 589 2838 praedicant
613 2767 648 2813 se
669 2742 804 2834 rejicere
821 2757 853 2810 et
875 2741 1074 2836 improbare.
1114 2786 1139 2816 ι,
1177 2768 1193 2825 '.
1263 2803 1265 2814 .

8 2828 67 2896 uid
82 2826 116 2894 iu
130 2843 249 2896 rotam
266 2828 439 2898 manifesta
455 2827 628 2897 dicendum
643 2835 710 2904 esti
728 2893 730 2897 ,
754 2826 816 2900 llic
829 2843 947 2922 aperto
958 2841 1074 2906 osten*

6 2928 58 2978 mt
81 2911 248 2980 architecti
268 2913 520 2996 confbtationis,
552 2933 619 3008 quo
641 2909 762 3008 spiritu
783 2927 936 3002 agantur,
960 2909 1074 2998 *Quid

9 2993 127 3073 tenim
142 2995 258 3090 certius
271 2998 306 3065 in
322 2994 487 3081 Ecclesia,
511 3015 516 3024 ’
539 3021 616 3068 uam
640 2998 730 3092 quod
748 2995 900 3065 remissio
921 3009 1075 3097 peccator·

7 3078 52 3146 tin
71 3079 236 3177 contingat
248 3081 348 3172 gratis
368 3099 504 3185 propter
552 3081 713 3164 hristum,
743 3079 834 3179 quod
857 3076 1075 3178 Christus-‘sit
1103 3161 1108 3171 Ι

7 3163 169 3260 opitiatro
184 3189 248 3258 pro
264 3183 420 3260 peccatis.
439 3193 508 3238 non
521 3183 636 3237 nostra
652 3189 765 3262 opera,
787 3181 871 3234 srcut
887 3169 1003 3234 Petrus
1019 3189 1074 3232 m-

7 3248 64 3350 3it:
89 3249 174 3349 Huic
189 3274 300 3351 omnes
318 3250 505 3352 Prophetae
513 3249 685 3346 perhibent
702 3249 937 3331 testimonium,
957 3248 993 3318 in
1008 3273 1074 3334 no·
1140 3324 1145 3336 Ι

7 3334 187 3434 meipsius
212 3357 602 3432 coopereremrsstonem
624 3351 832 3430 peccatorum
853 3358 986 3434 omnes,
1003 3332 1075 3430 -qui
1131 3378 1134 3383 ·
1205 3333 1208 3338 ¹

6 3421 110 3489 edunt
123 3445 157 3488 ιιι
172 3443 258 3488 eum.
302 3421 394 3492 Huic
406 3420 574 3492 Ecclesiae
593 3425 661 3491 Pro
685 3421 835 3492 betarum
859 3435 1088 3492 assentiamur·

7 3505 105 3603 thus,
133 3527 234 3599 quam
248 3503 319 3593 istis
336 3508 477 3601 ‘perditis
501 3447 714 3662 scriptorilihe
734 3503 988 3603 confutatipnis,
1008 3501 1076 3604 ,qui

7 3615 41 3657 m
58 3590 268 3682 impudenter
282 3590 510 3686 blasphemant
532 3594 561 3662 C
587 3591 715 3661 ristum.
758 3595 846 3660 Nam
868 3587 996 3660 etsamsi
1016 3611 1076 3682 qut

7 3689 107 3742 ,erunt
123 3671 317 3780 scriptores,
347 3675 408 3772 qui
420 3694 606 3762 senserunt,
651 3675 944 3748 ostrcmissionem
976 3697 1074 3744 'eoca-

8 3781 84 3853 rum
106 3756 257 3840 hommes
273 3761 377 3852 justos
395 3786 465 3834 esse
481 3787 591 3832 coram
639 3767 698 3844 oo,
725 3783 792 3830 non
807 3760 899 3858 fide,
923 3698 1094 3858 sedipsis·
1134 3809 1139 3817 .

7 3841 152 3934 teribus,
182 3845 383 3934 tamen5hoc
404 3870 479 3915 non·
496 3863 687 3929 senserunt,
719 3845 809 3940 quod
829 3867 902 3940 ipsa
923 3867 1076 3914 remisero
1151 3859 1152 3864 ’

7 3941 185 3994 meatorum
199 3928 367 4022 contingat
406 3948 516 4025 ropter
530 3955 630 4028 opera
645 3946 773 4012 nostra,
796 3953 863 4020 non
877 3933 979 4019 gratis
994 3953 1076 4023 pro-
1108 3949 1111 3954 ·

9 4037 47 4080 er
63 4009 242 4104 Christum.
279 4022 356 4084 Nou
384 4016 681 4108 erepdaest'igitur
694 4013 915 4108 blasphemia,
933 4012 1074 4082 tribuere
1171 4073 1173 4082 .

7 4119 138 4166 morem
170 4097 296 4168 Christi
325 4101 446 4172 nostris
469 4102 631 4198 operibns¹
673 4097 768 4172 Nihil
787 4098 891 4194 pudet
907 4100 975 4190 jam
996 4095 1075 4166 istos

7 4180 184 4335 boolofiot,
214 4183 241 4252 si
259 4184 361 4256 talem
382 4186 576 4258 seutentiam
599 4187 634 4256 in
649 4183 804 4256 Ecclesia
825 4184 949 4254 audent
968 4179 1073 4251 serre:

7 4291 80 4361 eque
129 4266 326 4364 ubitamas,
348 4270 427 4368 quin
456 4271 603 4370 optimus
631 4277 833 4366 imperator,
864 4291 903 4354 ac
923 4263 1074 4364 plerique
