2548 4906
413 329 672 427 confessionis,
787 383 789 390 ,
1022 335 1094 432 159

17 521 108 592 rinas
129 516 403 602 daemoniorum,
427 509 567 616 quando
595 517 745 600 docetur,
763 513 873 609 ‚quod
894 513 1091 602 sinceriter

17 606 85 689 tiles
100 606 144 675 ad
158 607 407 701 promerendam
422 605 649 676 remissionem
663 611 871 700 peccatorum
889 618 922 672 et
937 603 1091 699 gratiam.

15 717 77 761 unc
101 690 189 761 enim
213 692 388 760 obscurant
407 689 646 781 Evangelium‚
676 687 868 758 beneficium
893 685 1036 766 Christi,
1058 705 1091 758 et

15 773 147 846 stiriam
168 773 253 875 fidei.
295 773 629 865 Evangeliumsdocet
658 797 719 844 nos
742 765 804 848 tide
829 789 964 867 propter
986 771 1088 874 Chri-
1132 837 1136 846 ,
1227 759 1229 769 ⁴

15 888 71 930 um
92 875 197 951 gratis
218 859 368 959 accipere
373 860 608 960 ¹remissionem
629 875 856 954 peccatorum,
889 873 922 927 et
941 869 1088 930 recount*
1125 881 1127 886 ·
1241 877 1245 888 “

14 947 64 1014 ari
78 951 165 1016 Deo.
194 947 383 1014 Adversarii
396 962 508 1032 contra
523 945 626 1014 aliurn
640 942 857 1018 mediatorem
871 941 1088 1026 constituunt,

14 1027 111 1100 :ilicet
127 1029 187 1100 bas
199 1029 402 1100 traditiones.
445 1029 587 1124 Propter
599 1030 659 1100 h'as
673 1025 788 1099 rodunt
798 1021 955 1120 consequi
968 1029 1088 1098 remis-

15 1140 112 1184 onem
128 1131 351 1209 pcccatorum,
381 1140 442 1210 per
461 1114 520 1184 bas
537 1113 653 1184 volunt
671 1112 800 1209 placare
820 1112 906 1182 iram
926 1113 1000 1184 Dei.
1041 1119 1088 1186 ht

12 1199 140 1278 ,hristus
163 1217 273 1295 aperte
294 1198 388 1270 dicit:
422 1204 560 1284 Frustra
581 1199 690 1272 colunt
709 1223 766 1270 me
784 1199 950 1290 mandatis
974 1195 1100 1270 homi-'

12 1311 72 1354 um.
117 1289 227 1380 Supra
242 1311 280 1356 co
304 1285 372 1356 iosc
386 1283 646 1380 disputavimus,
659 1282 809 1355 homines
823 1275 993 1376 justificari
1009 1285 1084 1368 fide,
1180 1367 1182 1376 ,

11 1395 58 1438 rm
75 1371 213 1442 credunt
227 1309 396 1472 redebere
411 1374 519 1440 Deum
533 1371 716 1466 placatum,
743 1392 811 1439 non
824 1383 958 1463 propter
972 1387 1085 1440 nostra
1193 1435 1196 1456 ,

11 1481 96 1548 pera,
117 1457 173 1526 sed
189 1472 288 1546 graus
304 1473 438 1551 propter
454 1455 634 1526 Christum.
657 1459 886 1524 Hanccertum
903 1471 952 1522 est
968 1459 1083 1526 Evan-

10 1539 60 1608 etii
76 1541 260 1610 doctrinam
274 1561 360 1624 esse,
389 1541 468 1636 quia
479 1540 605 1610 Paulus
627 1539 712 1610 clare
733 1535 813 1608 dicit
828 1540 869 1610 ad
898 1538 1021 1634 Ephes.
1040 1545 1081 1610 ΙΙ.

10 1627 97 1694 ,ratis
111 1623 229 1695 salvati
245 1625 321 1697 estis
335 1627 521 1721 perfidem,
550 1641 583 1695 et
597 1625 740 1698 beenon
759 1645 797 1694 ex
812 1625 917 1704 vobis,
940 1623 1003 1694 Dei
1020 1621 1083 1694 do·-

9 1735 61 1776 um
76 1724 143 1794 est,
170 1735 237 1780 non
251 1709 499 1782 exhominibus.
541 1717 637 1784 Nunc
658 1712 726 1784 isti
737 1709 867 1792 dicunt,
898 1710 1083 1809 promereri

8 1793 138 1866 omines·
146 1793 370 1868 remissionem
385 1813 591 1892 peccatorum
606 1821 664 1890 per
679 1795 739 1865 bas
755 1794 997 1888 observatroncs
1013 1791 1079 1864 hu·
1107 1832 1113 1852 ·

8 1902 108 1976 ranas.
151 1879 244 1968 Quid
258 1879 320 1950 boc
335 1897 384 1951 est
401 1881 503 1964 aliud,
525 1904 625 1976 quam
641 1878 960 1976 praeter'Christom
975 1878 1080 1950 alium

7 1965 246 2049 ustificatorem,
268 1965 373 2037 alium
389 1968 603 2044 mediatorem
618 1967 837 2036 constituere?
880 1964 1006 2034 Paulus
1025 1966 1079 2034 in-

7 2048 111 2118 uit'a'd
127 2047 294 2126 Galatass·
326 2051 485 2122 Evacuati
499 2051 576 2121 estis
598 2073 618 2122 a
637 2051 791 2131 Christo,
824 2047 964 2148 quiulnge
982 2048 1079 2120 ‘urit
1193 2083 1195 2091 ·

6 2135 136 2218 camini,
167 2133 289 2222 idest,
314 2135 343 2234 si
358 2135 486 2208 sentitis
511 2161 570 2220 vos
592 2141 710 2204 m'ercri
731 2137 955 2208 observatione
996 2136 1077 2228 egis,

5 2237 13 2290 t
32 2220 112 2311 justi
125 2245 235 2300 coram
251 2227 325 2292 Deo
338 2220 553 2320 reputemini,
582 2215 665 2290 nibil
683 2220 837 2322 'proderit
856 2221 950 2290 vobis
974 2219 1076 2292 Chri·
1107 2233 1109 2238 '

5 2327 68 2386 us,
101 2306 178 2399 quia
191 2331 350 2400 quorsum
365 2331 448 2408 opps
463 2324 510 2377 est
525 2305 660 2376 Christo
681 2324 771 2388 rsus,
800 2303 859 2400 qui
884 2306 1077 2376 sentiuntse
1129 2331 1131 2336 ·
1210 2395 1214 2408 Ι

4 2395 85 2458 istos
99 2415 168 2460 esse
185 2415 245 2460 sua
270 2393 493 2467 observatrone
516 2389 599 2481 legis
609 2397 624 2457 ?.
664 2389 949 2484 Deusaproposuit
973 2388 1095 2469 Chri-'

4 2499 83 2554 zum,
102 2477 203 2569 ¹quod
217 2501 276 2572 pro
302 2493 351 2546 ter
366 2476 452 2548 bunc
465 2477 694 2558 mediatorem,
717 2501 783 2545 non
799 2491 933 2568 propter
948 2493 1076 2546 nostras

4 2559 122 2630 estitias
138 2559 220 2631 velit
236 2501 330 2633 nobis
347 2583 417 2632 esse
436 2561 615 2658 propitius.
657 2567 701 2631 At
724 2561 780 2630 isti·
799 2561 945 2643 scntiunt
965 2567 1074 2630 Deum
1134 2575 1143 2586 “

4 2665 45 2713 sc
65 2644 248 2798 placatum,
277 2673 338 2742 pro
364 2647 615 2746 icium-'propter
634 2646 827 2720 'traditiones
850 2662 884 2716 et
902 2669 970 2716 non
992 2670 1079 2742 pro-¹

4 2747 48 2798 ter
97 2729 247 2804 hristum.
289 2740 320 2802 A
346 2749 453 2802 rmunt
467 2733 567 2824 igitur
580 2732 713 2804 Christo
732 2731 893 2808 honorem
912 2733 1073 2804 mediato-

4 2835 30 2884 s.
74 2820 142 2888 Nec
155 2817 287 2886 interest
303 2817 388 2890 inter
405 2831 533 2888 nostras
548 2818 757 2900 traditiones,
786 2833 818 2886 ct
837 2815 997 2886 Mosaicas
1018 2843 1073 2892 ee,-

4 2899 160 2996 ernonias,
183 2903 278 2994 „quod
291 2905 333 2972 a'd
351 2903 433 2973 banc
447 2927 518 2972 rem
534 2897 664 2976 attinet
699 2900 824 2972 Paulus
842 2900 917 2972 ideo
937 2905 1083 2973 damnat.

4 2983 136 3080 [osarcas
150 2988 366 3072 ceremonias,
394 2989 478 3058 sicut
498 2987 690 3058 traditiones
715 2987 868 3066 damnat,
899 2986 978 3080 quia
1001 2986 1071 3069 eri-

4 3067 189 3136 rmahantur
212 3096 280 3140 csse
307 3097 422 3166 opera,
460 3098 544 3174 quae
568 3091 771 3144 mererentur
783 3071 944 3162 justitiam
958 3095 1071 3142 ¹coram

6 3173 55 3221 eo.
99 3157 149 3222 lta
175 3154 407 3226 obscurabatur
440 3157 585 3229 officium
616 3157 743 3228 Christi
775 3172 807 3226 et
829 3155 1070 3246 justitia'fidci.

8 3261 88 3314 uare
102 3255 230 3308 remota
247 3239 338 3333 lege,
359 3241 493 3312 remotis
513 3242 754 3324 traditionibus,
777 3241 957 3323 contendit,
981 3241 1071 3338 quod
1088 3260 1091 3276 ¹

4 3350 34 3421 pn
52 3339 188 3424 propter
202 3321 264 3394 ista
280 3351 397 3422 opera,
425 3329 484 3398 sed
507 3345 644 3424 propter
664 3327 836 3414 Christum
862 3326 962 3420 gratis
987 3355 1069 3422 pro-

2 3431 68 3480 rssa
89 3423 133 3476 stt
155 3409 308 3512 remissio
331 3429 557 3514 peccatorum,
591 3414 690 3500 modo
707 3417 759 3482 'ut
780 3411 845 3482 fide
870 3412 1070 3514 accipiamus

7 3519 65 3562 m„
94 3500 182 3593 Nam
196 3521 373 3589 promissio
396 3523 465 3569 non
487 3499 646 3594 accipitur
669 3498 734 3568 nisi
752 3500 825 3570 fide.
870 3499 956 3568 Cum
971 3497 1070 3594 igitur
1139 3575 1141 3580 ,
1256 3533 1259 3542 ·

4 3575 29 3648 ie
43 3577 242 3678 accipramus
254 3579 480 3654 remissionem
493 3591 709 3736 pcccatorum,
732 3609 805 3654 curn
820 3581 1069 3674 fidebabeamus

4 3679 153 3754 *oprtrum-
166 3669 293 3750 Deum,
320 3685 455 3766 propter
470 3671 498 3737 C
525 3669 661 3752 ristum,
692 3693 786 3740 error
802 3685 834 3738 et
850 3669 1000 3762 impietas
1018 3686 1068 3738 est
1123 3677 1129 3724 ἵ

5 3748 181 3832 nstituere,
212 3752 303 3844 quod
323 3751 455 3848 perbas
478 3751 722 3830 observationes
745 3777 931 3826 mereamur
947 3751 1067 3824 remis-

4 3853 92 3929 Ιηιςιη
109 3849 327 3941 peccatorum.
371 3837 408 3908 si
422 3837 498 3933 quis
513 3838 565 3909 bic
590 3839 676 3910 dicat
697 3863 765 3910 non
789 3839 907 3909 mereri
926 3862 986 3910 nos
1010 3863 1067 3910 re-

4 3939 156 3986 tssronem
168 3938 391 4019 peccatorum,
419 3924 475 3994 sed
488 3924 557 4028 jam
572 3925 764 4018 justificatos
817 3949 853 3994 er
871 3923 932 3996 bas
955 3921 1065 4016 ‘tradi-

4 4025 67 4070 tnes
91 4027 212 4102 mereri
232 4008 394 4106 gratiam,
421 4007 475 4081 bic
488 4027 607 4080 rterum
621 4009 776 4080 reclamat
792 3949 935 4093 daubus,
960 4011 1064 4081 Chri-

4 4111 49 4155 1m
68 4104 193 4180 peccate
216 4092 407 4164 ministrum
428 4091 518 4176 sore,
550 4095 577 4178 si
599 4111 675 4190 post
690 4094 963 4250 ludificationem
985 4118 1063 4164 scn-
1151 4101 1162 4173 ,“
1256 4149 1257 4164 ,

4 4171 111 4242 ndum
125 4170 189 4258 sit,
221 4179 444 4275 quoddeinde
459 4201 529 4248 non
542 4197 677 4276 propter
706 4175 847 4252 'brisnm
863 4181 946 4272 justi
961 4204 1063 4274 repu-

4 4279 80 4360 our,
108 4259 166 4330 sed
180 4275 327 4356 primurn
340 4264 459 4374 mereri
474 4263 650 4337 debeamus
663 4288 724 4360 per
747 4265 830 4341 alias
856 4266 1061 4344 observatio·
1125 4322 1128 4326 -
