2610 4900
85 3874 89 3881 ⁸
112 3847 114 3854 -
193 3796 250 3864 sed
265 3793 306 3864 ab
320 3794 370 3864 his
389 3794 541 3866 omnibus
560 3793 715 3867 excidisse

128 289 245 404 ,ida
394 375 399 390 ,
509 308 760 384 catechismus
777 311 911 409 major.
1024 359 1027 367 .

50 509 54 518 '
136 537 144 550 s
171 493 325 568 tionovis
340 518 407 564 esse
419 491 564 572 beatior,
593 507 649 560 aut
675 494 870 560 sanctiorem
894 491 995 559 vitam
1020 491 1131 576 igere,
1161 496 1247 582 quanss

173 597 244 652 tum
260 579 301 648 ad
314 603 413 672 opera
430 575 567 648 attinet?
586 633 588 638 .
611 581 697 643 Nam
715 578 803 668 apud
817 583 925 646 Deum
944 573 1014 646 sola
1029 577 1108 646 fides
1123 602 1192 644 vere
1207 580 1248 670 ju-

62 673 66 689 '
142 664 319 744 tristificat,
340 663 436 758 cique
457 661 520 730 soli
544 659 675 738 servit‚'
692 686 792 764 opera
811 665 886 744 rer'o
910 659 1108 752 hominibus,
1152 663 1196 728 lta
1216 661 1249 740 lit,

72 748 75 759 ¹
174 767 212 820 ut
227 746 311 818 nihil
329 774 395 819 non
409 747 506 828 boni,
526 743 739 840 protectionis
766 764 797 816 et
817 745 1016 834 defensionis
1043 747 1104 816 sub
1131 745 1250 814 Domino

130 879 132 884 ·
174 851 232 905 tuo
248 832 448 902 habeasz'ad
468 829 548 910 baec
588 845 710 910 atatam
728 829 1182 914 conscientiametsare'ntem
1199 835 1251 898 De-

175 945 235 1008 um
250 919 413 1000 obtineas,
437 915 496 1012 qui⁴
511 855 621 986 multis
643 916 767 984 servitii
791 916 838 986 tui
864 916 1024 1002 rationem
1041 915 1101 984 tibi
1121 929 1252 1010 pensatu-

142 1085 144 1090 .
176 1029 232 1088 rus
251 1019 308 1072 est.
325 1083 333 1100 ι
350 1002 440 1088 Quid
455 996 565 1100 multis
580 1007 713 1068 moror?
736 997 847 1096 palam
862 1001 975 1070 beatus
1000 1019 1050 1082 eS,
1073 1001 1155 1084 dum
1177 999 1252 1068 molt

67 1153 71 1161 .
177 1087 351 1182 probitatis
367 1103 399 1156 et
414 1087 618 1167 obedientiae
635 1085 788 1156 virtu-tem
816 1102 998 1166 constanter
1021 1085 1173 1154 ‘retineas
1211 1083 1253 1152 Sin

176 1169 305 1254 minus,
328 1176 473 1266 primum
501 1171 632 1265 quidem
649 1179 714 1240 non
736 1169 799 1240 nisi
823 1172 905 1238 iram
924 1197 943 1238 a
964 1173 1036 1239 Deo
1059 1167 1218 1240 lucrila'cis
1235 1187 1255 1236 et

177 1253 384 1339 inimicitias,
406 1271 518 1350 postea
533 1257 651 1348 antissa
667 1253 773 1326 cordis
789 1253 1042 1348 tranquillitate,
1065 1278 1180 1323 omnes
1219 1253 1254 1320 la-

176 1343 237 1436 'gas
253 1339 445 1432 iqcurris'et
461 1341 654 1415 infortunia.
699 1347 808 1430 Quem
830 1366 905 1412 erro
928 1339 990 1409 ista
1014 1365 1080 1408 non
1106 1283 1256 1429 movebunt

179 1443 212 1521 et
223 1427 369 1522 'probum
383 1423 512 1518 ¹sacient,
533 1427 620 1496 hunc
635 1440 790 1518 tanquam
805 1395 993 1520 deploratae
1007 1423 1094 1493 vitae
1115 1421 1255 1494 bominem

176 1509 325 1590 'carnifici
343 1514 605 1583 commendamus
626 1527 657 1583 et
672 1513 780 1580 morti
825 1517 937 1600 Quare
953 1509 1121 1604 quilibet,
1134 1510 1188 1606 qui
1205 1537 1256 1577 me

132 1675 137 1686 .
180 1595 254 1668 neri
273 1623 307 1668 se
325 1594 466 1690 patitur,
487 1600 620 1686 cogitet,
643 1599 752 1665 Deum
764 1593 828 1668 boc
843 1622 901 1664 sue
917 1599 1090 1689 praecepto
1107 1619 1173 1662 non
1187 1595 1256 1662 ludes

81 1733 89 1748 ,
179 1681 215 1762 sa
253 1707 306 1764 re,
328 1697 385 1750 aut
401 1684 490 1774 jocos
505 1707 667 1766 exercerc,
691 1681 857 1782 sciasque,
876 1680 972 1748 illum
995 1681 1008 1747 i'
1031 1707 1104 1748 sum
1131 1679 1205 1749 baec
1225 1695 1257 1747 tc-

179 1709 259 1850 ¹culis
279 1760 387 1858 loqui,
413 1781 445 1836 et
463 1764 681 1842 obedientiam
697 1793 873 1860 requirere.
918 1705 1062 1918 (puotlsi
1081 1763 1136 1834 illi
1159 1781 1257 1834 ntoren

182 1849 342 1944 gesseris,
363 1847 508 1952 placebis
532 1851 580 1934 ci,
601 1851 739 1948 e‘usque
754 1851 888 1939 dilectus
907 1841 990 1918 fiius
1010 1850 1097 1920 erist'
1113 1855 1116 1864 '
1133 1851 1191 1918 Sin
1203 1876 1257 1916 reru

183 1950 412 2032 contemseru,
435 1960 513 2026 age,
532 1951 564 2006 et
578 1879 733 2022 dedecus,
756 1946 928 2022 aerumnas
942 1951 973 2006 et
998 1930 1131 2004 dolores
1148 1931 1258 2032 praemii

184 2015 257 2090 loco
273 2019 334 2088 trhi
346 2019 476 2090 habeto.
893 2093 897 2102 ,
920 2069 922 2074 -
1088 2035 1092 2054 ’
1287 2031 1288 2044 ³

179 2181 183 2186 ¹
270 2103 433 2177 Similiter
449 2129 579 2203 quoque
594 2102 767 2190 dicendum
781 2105 880 2174 est‘de
895 2104 1101 2190 obedientia,
1127 2127 1206 2200 quae
1219 2102 1258 2169 de

179 2182 282 2258 betur
299 2187 699 2286 'magistratibus,·quae‚
730 2207 766 2259 ut
790 2189 953 2273 diximus,
977 2207 1009 2260 ct
1023 2193 1096 2284 ipsa
1113 2192 1148 2259 iu
1164 2211 1257 2283 paren-

185 2289 256 2342 tum
271 2273 419 2344 ordinem
433 2275 590 2369 pertinet,
614 2291 645 2344 et
659 2273 721 2343 buc
739 2274 906 2344 referenda
922 2293 986 2359 est,
1012 2275 1163 2358 omnium
1182 2270 1259 2340 mari-

185 2383 239 2428 mo
253 2357 350 2448 longe
364 2359 494 2454 lateque
514 2377 637 2456 patens.
679 2365 794 2453 Neque
814 2359 902 2427 enim
917 2358 971 2429 bic
983 2359 1100 2429 saltem
1123 2360 1213 2428 utrius
1225 2355 1258 2422 la-

183 2439 297 2512 miliae
311 2470 427 2537 parens
444 2460 503 2526 est,
525 2445 583 2518 sjed
601 2443 696 2528 toties
708 2461 797 2538 pater
812 2444 967 2542 Princeps
981 2443 1209 2522 existimandus
1218 2453 1258 2516 est,

212 2545 350 2618 uotquot
364 2529 446 2612 cives
461 2545 518 2598 aut
537 2528 685 2598 subditos
703 2555 779 2618 suae
805 2527 919 2606 ditioni
945 2531 1110 2626 subjectos
1130 2523 1259 2597 habuerit

188 2552 324 2718 Zoippo
340 2615 429 2682 Deus
445 2639 512 2680 non
529 2621 618 2686 see'us
634 2637 692 2707 per
706 2612 781 2682 illos
798 2639 897 2708 quam
919 2621 1069 2708 parentes
1091 2641 1153 2686 nos
1173 2611 1224 2681 alit
1237 2632 1259 2674 ac

189 2712 356 2788 sustinet,
383 2691 515 2766 illorum
541 2723 640 2788 opera
662 2699 782 2766 victum
802 2699 896 2769 nobis
924 2717 1111 2794 praestans,
1141 2712 1259 2793 penates,

188 2779 346 2862 tutelam,
374 2783 484 2874 paceni
503 2798 601 2874 atque
622 2780 835 2852 securitatem.
881 2785 1106 2873 Quamobrem
1129 2793 1197 2853 cum
1217 2804 1258 2846 no-

188 2890 267 2934 men
283 2881 314 2934 et
328 2866 456 2936 titulum
471 2863 587 2948 illum,
610 2866 658 2935 uti
677 2893 840 2936 summum
859 2867 953 2938 decus
971 2885 1002 2938 ct
1018 2871 1162 2960 gloriam
1180 2889 1258 2938 suarna

189 2949 309 3020 merito
326 2967 357 3020 et
379 2949 568 3044 dignissime
585 2957 730 3042 gestent,
753 2951 894 3024 vicissim
909 2969 940 3022 ct
956 2979 1015 3022 nos
1040 2955 1195 3023 dehemus
1215 2971 1259 3020 eea

190 3051 229 3104 ut
240 3035 331 3126 digni
343 3050 438 3134 sunt,
462 3035 552 3106 omni
575 3035 701 3136 bonore
724 3052 871 3136 ostenso,
901 3036 1138 3132 magnifacere,
1160 3053 1194 3106 ut
1210 3032 1259 3103 the·

191 3143 326 3192 sautum
342 3147 378 3190 m
393 3124 486 3188 terris
502 3125 647 3189 ommuni
665 3123 950 3218 pretiosissimum.
1125 3151 1129 3159 ·

275 3209 373 3288 Jam,
395 3204 453 3298 qui
467 3203 520 3276 bic
536 3221 667 3302 promto
682 3201 862 3276 acelabenti
875 3207 986 3276 animo
1001 3207 1201 3302 obsequitur,
1219 3226 1258 3269 ue·

187 3313 256 3383 ,que
269 3290 428 3378 gravatim
454 3314 511 3374 ea,
542 3315 624 3382 quae
649 3291 690 3360 ad
711 3290 928 3360 exhibendum
950 3291 1112 3362 bonorem
1135 3292 1259 3362 attinent·

181 3373 377 3472 ¹eue‘quitur:
400 3373 522 3454 is‘scit,
548 3401 581 3442 se
596 3402 665 3446 rem
688 3379 761 3446 Deo
788 3393 913 3466 gratam
940 3377 1064 3462 facere,
1088 3373 1259 3470 praemiique

190 3455 265 3527 loco
283 3455 439 3550 gaudium
452 3479 488 3526 a'c
505 3456 691 3529 felicitatem
706 3486 740 3530 se
756 3473 1011 3532 consecuturum.
1055 3465 1156 3550 Quod
1167 3461 1194 3529 si
1204 3479 1259 3558 grt-

173 3551 176 3558 '
192 3559 287 3624 ratur
301 3541 421 3624 facere,
449 3567 486 3626 ac
508 3543 714 3634 magistratus
729 3550 827 3614 etiarn
841 3546 1035 3629 contemnit,
1058 3564 1115 3616 aut
1131 3553 1259 3615 connato

130 3665 143 3706 ῃ
191 3625 335 3696 tumultu
350 3622 502 3716 rebellat:
524 3653 655 3700 rursum
670 3655 801 3724 quoque
818 3628 875 3698 ille
899 3631 995 3714 sciat,
1025 3631 1149 3700 nullius
1164 3623 1258 3722 gratiae

151 3777 154 3787 ,
192 3725 251 3780 aut
263 3709 497 3783 benedictionis
520 3711 645 3780 divinae
660 3732 821 3808 unquam
838 3740 907 3784 sese
928 3714 1076 3786 futurum
1092 3728 1258 3808 compotem,

276 3877 284 3894 .
397 3880 403 3894 ¹
464 3881 471 3895 .
756 3798 932 3872 lanissimc.
956 3805 1000 3870 Et
1015 3801 1071 3870 ubi
1086 3815 1200 3894 sperat,
1218 3794 1259 3858 bac

193 3903 253 3954 sua
274 3879 494 3981 {nobedrentra
515 3906 648 3953 aureum
670 3909 704 3952 se
724 3825 965 3968 literaturam,
986 3883 1069 3970 alibi
1093 3885 1130 3953 in
1150 3873 1257 4027 decupb

138 3975 147 4000 ²
193 3988 376 4055 granrorem
404 3981 548 4034 acturam
569 3965 683 4050 saciet,
705 3969 818 4037 autin
843 3969 1003 4039 carnificis
1024 3989 1139 4038 manus
1156 3963 1212 4036 incl
1230 3973 1257 4034 et

194 4065 252 4118 aut
265 4049 320 4118 vel
333 3992 441 4132 bello,
463 4049 514 4117 vel
531 4067 639 4144 peste,
662 4055 713 4120 vel
729 4053 815 4121 lame
834 4053 972 4146 peribit,
993 4072 1051 4124 aut
1068 4053 1184 4124 liberos
1203 4063 1256 4114 81105

123 4203 128 4222 ι
195 4133 367 4233 degeneres
385 4136 492 4232 ιομῃιί
518 4161 557 4203 ue
583 4135 740 4206 vitiorum
764 4162 878 4230 genere
903 4156 1071 4234 coopertos
1096 4132 1257 4221 videtit‚',³

196 4217 336 4305 familia,
361 4243 488 4304 victum,
533 4219 666 4306 ostibus,
689 4222 813 4306 fisco'et
827 4223 974 4316 tyrannis
995 4225 1139 4296 certatim
1157 4235 1255 4305 comp·
