2618 4902
333 385 338 410 .
418 329 678 460 confessionis.
843 437 848 454 Ι
1043 359 1089 434 77
1179 329 1186 338 '

12 510 539 620 trepidum,,propterKChristum
568 511 701 613 propter
717 531 809 584 snam
830 507 1091 612 promissionem.

12 625 40 676 ta
54 629 223 698 nunquam
241 620 383 695 {possunt
403 625 498 692 opera
519 615 746 670 conscientiam
775 597 910 668 reddere
931 615 1091 694 pacatam,
1171 641 1176 656 ·

13 695 49 760 ed
66 708 193 759 tantum
208 687 390 779 promissio.
434 687 468 754 si
484 685 493 752 i
518 688 584 780 itm·
600 697 728 792 praeter
741 680 945 753 dilectionem
963 701 994 756 et
1008 709 1090 776 ope-

11 801 30 844 a
45 775 126 844 alibi
138 771 329 868 quaerenda
345 789 394 841 est
405 711 614 875 justiiiatio,
637 784 668 838 ct
680 781 745 866 pax
758 767 991 867 conscientiae,
1012 781 1092 871 e'rgo

10 860 124 930 lilectio
146 875 178 926 et
195 881 305 950 opera
317 881 385 924 non
403 856 594 948 testificant,
628 869 688 922 etsi
704 867 780 926 sunt
793 869 927 924 virtutes
945 869 977 923 et
991 853 1090 945 justr-

10 945 56 1012 ioe
79 942 178 1034 legis,
205 958 365 1034 quatenus
389 956 462 1022 sunt
481 937 624 1028 impletio
647 934 759 1028 legis.'
790 937 835 1006 Et
858 953 990 1008 eatenus
1012 939 1091 1011 haec
1128 995 1130 1002 .

9 1024 272 1117 ›bedientialegis
286 1021 438 1116 justificat
452 1022 574 1114 justitia
596 1021 687 1112 legis.
729 1019 796 1088 Sed
808 1019 887 1092 liare
901 1021 1092 1116 imperfecta

12 1112 120 1180 ustitia
139 1110 167 1178 le
192 1109 218 1178 is
237 1136 304 1196 nou
318 1117 370 1177 cst'
382 1124 510 1198 accepta
520 1112 610 1188 Deo,
634 1103 696 1172 nisi
713 1122 848 1198 propter
860 1109 970 1178 fidem.
1012 1105 1095 1198 Id'eo'
1169 1115 1171 1124 ’

8 1221 61 1265 ron
74 1135 239 1287 justiliiat,
260 1197 434 1286 iensque
451 1189 643 1273 reconciliat,
658 1215 762 1282 neque
778 1208 962 1284 regenerat,
985 1219 1092 1292 neque

8 1297 54 1350 ter
67 1305 102 1350 se
117 1278 197 1348 facit
213 1293 359 1369 acceptos
375 1303 484 1345 coram
501 1281 584 1363 Deo.
671 1295 700 1358 j
952 1281 955 1292 '
1016 1321 1018 1324 -

64 1369 129 1433 ‘Ex
143 1361 194 1432 his
210 1377 340 1432 constat
351 1361 421 1431 sola
439 1361 500 1430 lide
516 1386 576 1429 nos
591 1355 879 1451 justificaricoram
894 1365 984 1442 Deo,
1014 1362 1091 1458 quia

7 1450 65 1518 tola
77 1450 140 1520 lide
159 1447 334 1538 accipimus
349 1445 573 1515 remissionem
587 1458 795 1536 peccatorum
808 1445 1091 1518 etreconciliatlo·

7 1561 88 1620 tem,
121 1547 257 1625 propter
271 1530 474 1608 Christum,
493 1529 570 1629 quia
583 1526 805 1620 reconciliatio
828 1553 884 1596 seu
904 1532 1106 1622 justificatio·
1154 1555 1160 1562 ·

6 1635 42 1688 est
57 1642 110 1688 res
124 1614 285 1707 promissa
302 1631 432 1706 propter
442 1613 630 1698 Christum,
653 1637 722 1682 non
736 1627 873 1704 propter
885 1613 1001 1704 legem.
1024 1623 1089 1686 lta·-
1151 1621 1153 1628 ’

6 1729 57 1802 {ue
70 1701 142 1801 sola
156 1701 219 1852 {pile
232 1700 396 1792 accipitur.
444 1701 516 1768 Etsi
538 1690 657 1770 donato
674 1693 800 1790 Spiritu
817 1716 927 1770 sancto
946 1701 1091 1795 sequitur

5 1811 76 1878 ,egis
97 1809 165 1877 emp
179 1801 252 1856 etro.
293 1857 295 1864 ,

67 2027 72 2032 ,
98 1965 101 1972 ’
119 1953 329 2060 ¹Responsio
346 1957 394 2034 ad
413 1971 628 2060 argcrmenta
644 1955 949 2042 adversariorum.

74 2121 224 2216 Cognitis
243 2138 350 2192 autern
367 2119 464 2223 hujus
477 2145 595 2202 ¹causae
610 2122 839 2206 fundamentis,
855 2121 1002 2196 videlicet
1015 2123 1089 2196 slis-

2 2208 131 2279 nimine
146 2208 226 2300 legis
237 2295 238 2300 ἵ
251 2224 283 2279 et
310 2205 584 2306 prornrssipnumt,
596 2290 604 2306 .
615 2233 674 2276 seu
686 2207 877 2306 Evangelii,
907 2208 1005 2308 facilc
1029 2210 1090 2281 erit

2 2295 118 2362 liluere
136 2317 191 2376 ea,
239 2317 300 2360 uae
316 2292 489 2361 adversarii
507 2291 674 2360 obierunt.
720 2295 831 2362 Crtant
845 2292 932 2364 enim
948 2294 1034 2364 dicta
1049 2295 1090 2368 (le

5 2406 65 2470 ege
81 2395 112 2446 et
126 2317 280 2467 operilus
290 2428 304 2458 ,.
328 2392 359 2443 et
375 2375 528 2445 omittunt
544 2319 680 2445 licendo
695 2377 976 2469 promissionibus.
998 2441 1000 2450 .
1027 2383 1090 2450 se-

1 2462 60 2532 nel
83 2477 189 2530 autem
210 2459 402 2552 responderi
427 2459 469 2528 ad
493 2483 605 2528 omnes
629 2463 802 2530 sententias
825 2464 865 2530 de
884 2462 955 2554 lege
973 2480 1091 2554 potest,

1 2547 84 2642 {uod
101 2545 154 2616 lex
170 2573 237 2614 non
259 2541 361 2635 possit
374 2544 443 2613 fieri
458 2543 526 2613 sine
543 2544 688 2628 Christo,
708 2550 740 2614 'et
755 2545 785 2614 si
802 2547 965 2640 qnaliunt
979 2545 1089 2618 civilia
1112 2561 1117 2566 '

1 2657 110 2724 spera,
131 2631 201 2700 sine
217 2630 369 2710 Christo,
392 2654 462 2706 non.
472 2629 598 2720 placent
611 2634 694 2700 Deo.
739 2635 853 2719 Quare
866 2658 940 2701 cum
955 2634 1088 2724 praecli-

1 2735 106 2786 :antuc
122 2742 142 2784 o
167 2740 232 2797 ora,
248 2737 376 2784 necesse
392 2729 440 2787 est
454 2715 583 2804 addere,
598 2715 686 2808 quod
697 2714 776 2788 fides
790 2717 989 2812 requiratur,
999 2719 1094 2814 quod*
1235 2782 1238 2792 ,

1 2739 238 2901 πορῐεπξάοπι
251 2799 490 2890 praedicentur,
521 2801 609 2892 quod
623 2799 688 2869 sint
708 2801 831 2872 fructus
853 2817 887 2870 et
905 2802 1089 2875 testimonia
1162 2865 1166 2869 .

1 2889 79 2956 idei.
129 2884 310 2975 Amliguae
328 2901 360 2952 et
376 2882 575 2974 periculosae
597 2909 712 2954 causae
727 2883 847 2962 multas
863 2902 896 2955 et
910 2886 1017 2956 varias
1031 2913 1088 2958 so·
1204 2959 1209 2972 ,

4 2969 135 3038 utiones
147 2969 297 3076 gignunt
340 2973 463 3041 Verum
479 2984 526 3046 est
538 2967 623 3036 enim
638 2968 719 3038 illud
735 2970 850 3041 veteris
863 2974 1001 3042 Poetae:
1025 2969 1086 3043 ὁδ’
1113 3013 1132 3060 ·,

1 3050 108 3132 {oreos
121 3057 230 3140 loyoe,
261 3053 367 3120 νοσῶν
382 3055 415 3120 ἐν
430 3049 521 3144 αὐτῷ
533 3051 716 3146 φαρμάκων
737 3059 841 3124 δεῖται
855 3060 979 3150 ᾳοφῶν.
1023 3058 1093 3130 sed.
1197 3093 1201 3102 ·

4 3135 138 3216 athonis
161 3152 194 3206 et
213 3135 316 3205 firmis
332 3136 454 3220 causis,
480 3161 549 3206 una
561 3153 660 3232 atque
678 3137 780 3214 altera
795 3138 915 3214 solutio
930 3157 1036 3212 sumta
1051 3169 1089 3213 ex
1189 3177 1192 3191 =

1 3223 155 3306 ontibus,
185 3220 320 3312 corrigit
342 3219 475 3304 omnia,
528 3221 760 3292 uae'videntur
776 3223 953 3298 offendere.
995 3228 1033 3298 Id
1052 3229 1090 3298 fit
1185 3218 1227 3307 ,¹

1 3338 25 3378 n
43 3309 103 3376 hae
117 3311 361 3398 nostra'caus'a.
383 3309 486 3402 ·Nan3
501 3246 565 3392 illa.
575 3306 709 3396 regula,
757 3333 833 3377 uam
852 3310 952 3380 modo
968 3305 1089 3384 recita-¹

1 3396 43 3478 ri,
73 3395 304 3485 interpretatur
319 3388 431 3464 omnia
445 3391 554 3476 dicta,
582 3416 665 3488 quae
680 3393 719 3462 de
735 3333 805 3488 lige
821 3409 853 3464 et
866 3395 1087 3489 operibusci·

1 3494 111 3550 antur.
525 3507 535 3522 ‘

76 3567 231 3632 Fatemur
249 3559 336 3630 enim
357 3551 551 3660 scripturam
572 3559 652 3630 alibi
667 3567 806 3654 Legem,
831 3563 913 3635 alibi
932 3568 1088 3660 Evange-

2 3649 75 3716 'um
94 3673 151 3716 seu
205 3646 335 3716 atuitam
351 3669 601 3736 promissionem
616 3664 823 3738 pcccatorum
879 3664 973 3742 opter
987 3651 1089 3720 Chri-

1 3729 80 3802 ttur'n
102 3746 154 3800 tra
177 3758 241 3801 ere.
269 3735 414 3800 *Verum
428 3728 605 3800 adversarii
629 3729 731 3802 'nostri
755 3731 839 3824 simp
853 3733 944 3804 iciter
957 3735 1093 3807 abolent

1 3813 170 3907 gramitam
183 3812 448 3909 promissionem,
475 3839 551 3888 cum
567 3831 705 3906 negant,
725 3817 814 3912 quod
830 3817 909 3888 fides
925 3817 1088 3922 justificet,
1157 3871 1169 3886 .
1282 3811 1284 3819 ’

1 3925 68 3970 :um
85 3898 217 3988 docent,
240 3899 329 3994 quod
341 3916 478 3992 propter
494 3897 696 3985 dilectionem
709 3916 741 3972 et
757 3926 856 3994 opera
872 3921 984 3992 nostra
998 3929 1086 3977 accr-

1 3984 122 4054 ›iamus
146 3985 374 4080 remissionem
397 3991 616 4076 peccatorum,
643 3999 677 4056 et
700 3986 1007 4062 reconciliationem.
1050 3989 1087 4060 si

1 4071 112 4143 tendet
132 4093 172 4138 ex
195 4067 380 4141 conditione
401 4093 537 4162 operum
558 4083 747 4142 nostrorum
766 4069 918 4144 remissio
935 4090 1107 4166 peccato·

2 4181 83 4240 um,
134 4177 245 4224 torsus
269 4154 331 4224 erit
355 4151 487 4234 incerta.
534 4153 608 4226 Erit
629 4152 732 4248 igitur
754 4155 876 4227 abolita
892 4156 1086 4250 promissio.
1124 4227 1128 4248 ‚

1 4239 92 4312 ’rein
155 4263 216 4318 nos
235 4262 422 4312 revocamus
443 4238 654 4342 plasmantes
672 4241 716 4314 ad
735 4240 989 4316 considerandas·
1003 4267 1086 4336 pro-
