2750 4902
16 457 17 468 ἵ
134 400 137 408 1
213 363 262 440 2⁸
342 415 345 421 ·
532 463 534 469 ,
584 337 607 398 ‚¹
668 349 860 446 Confessio
975 363 980 375 '

135 578 140 588 ι
212 557 263 612 tae
276 529 431 628 scholae,
462 541 842 625 ceremonensem
861 539 1022 613 vacarent
1043 539 1203 633 attingere
1230 559 1325 612 serr-

210 643 359 782 pturam
388 643 421 698 et
438 651 593 732 quaerere
606 627 772 697 utiliorem
789 621 970 698 doctrinam
985 625 1025 695 de
1040 625 1122 710 fide,
1145 627 1185 696 de
1207 651 1322 708 cruce,

236 709 346 807 espa,
369 712 409 782 de
425 712 582 803 dignitate
604 709 752 782 civilium
767 738 903 794 rerum,
928 711 967 780 de
987 710 1210 782 consolatione
1222 717 1323 780 con-

211 795 422 870 scientiarum
438 796 473 864 in
487 795 596 865 arduis
622 795 867 866 tentationibus.
911 801 1022 890 ltaque
1049 797 1176 864 Gerson
1200 795 1322 866 etalii

211 879 348 976 quidam
364 879 525 974 'l‘heologi
541 881 681 971 graviter
706 881 814 975 questi
835 887 919 964 sdnt,
944 906 978 950 se
992 879 1044 948 his
1059 879 1140 950 rixis
1158 879 1321 954 traditio-

210 991 293 1034 num
310 963 481 1060 impediri‚
504 966 693 1061 quominus
708 963 829 1035 versari
844 980 977 1061 possent
992 963 1028 1032 in
1043 963 1177 1033 meliore
1218 991 1324 1042 encre

211 1049 385 1141 doctrinae.
427 1051 474 1119 Et
486 1055 540 1119 Au
563 1050 692 1120 ustinus
706 1066 793 1120 vetat
807 1073 942 1121 onerare
957 1049 1165 1120 conscientias
1191 993 1320 1142 hujus*-

210 1130 302 1203 modi
319 1075 618 1216 ohservationidus‚
642 1152 673 1204 et
687 1135 866 1228 prudenter
876 1136 1029 1204 admonet
1045 1133 1252 1215 sanceium
1279 1150 1322 1202 ut

210 1216 291 1308 sciat
306 1243 359 1288 cas
373 1217 600 1308 indifferenteh
616 1216 831 1300 observandas
847 1243 932 1295 esse:
961 1215 1007 1286 sic
1021 1218 1110 1286 enim
1124 1217 1288 1311 loquitur.

205 1341 208 1348 ,
297 1305 410 1390 Quare
425 1302 528 1374 nostri
542 1329 610 1380 non
628 1305 746 1373 dehent
761 1301 863 1374 videri
880 1301 964 1371 hane
977 1326 1107 1374 causam
1122 1319 1242 1372 temere
1258 1319 1322 1372 at-

150 1439 159 1452 „
211 1386 344 1478 tigisse‚
363 1403 429 1458 aut
450 1386 796 1481 odioEpiscoporum‚
823 1398 861 1456 ut
875 1386 1009 1480 quidam
1031 1386 1116 1457 falso
1141 1385 1318 1482 suspican-

179 1551 180 1562 χ
210 1489 276 1542 tur.
316 1476 439 1564 Magna
453 1474 626 1547 necessitas
640 1471 704 1542 suit
720 1472 759 1542 de
774 1470 843 1546 illis
858 1470 1037 1553 erroribus,
1058 1471 1199 1626 Ἦυὶμαῑί
1217 1490 1320 1542 crant

209 1577 250 1627 ex
264 1555 493 1628 traditionibus
512 1556 597 1626 male
612 1555 797 1639 intellectis,
819 1558 995 1625 admonere
1010 1561 1075 1624 Ero
1087 1579 1191 1626 esras„
1216 1561 1318 1626 ‘Nam

51 1688 62 1710 .
97 1649 100 1656 ’
142 1675 156 1686 ν·
207 1640 427 1745 liva'ngelium
440 1641 528 1733 cogit
542 1665 658 1728 urgere
674 1638 853 1710 doctrinam
870 1641 906 1709 in
921 1639 1074 1711 E'eclesiis
1097 1641 1137 1711 de
1155 1640 1261 1734 gratia
1280 1658 1318 1711 et

207 1741 333 1818 justina
347 1724 435 1808 fidei,
458 1749 543 1820 quae
558 1741 667 1806 tamen
683 1724 825 1817 intelligi
842 1749 910 1794 non
920 1741 1045 1821 potest,
1073 1723 1102 1795 si
1116 1741 1232 1822 putent
1245 1725 1315 1796 ho·

206 1809 312 1881 mines
328 1837 363 1880 se
378 1809 495 1878 mereri
506 1808 647 1904 gratiam
661 1835 720 1905 per
736 1809 973 1902 observationes
988 1809 1030 1880 ab
1043 1808 1125 1904 ipsis
1143 1805 1275 1883 electas.

290 1893 346 1966 Sic
361 1891 462 1986 igitur
477 1893 675 1977 docuerunt,
697 1895 788 1989 quod
800 1919 860 1992 per
872 1893 1130 1966 observationem·
1152 1893 1315 1966 traditio-

144 2047 146 2056 ,
206 2001 287 2048 num
299 1976 517 2049 humanarum
532 1977 774 2074 nonpossimus
795 1978 938 2072 gratiam
960 1977 1098 2062 mereri,
1127 1993 1186 2048 aut
1204 1979 1314 2072 justi-

207 2063 316 2160 ficari,
340 2088 441 2166 quare
454 2088 520 2133 non
533 2066 581 2162 es't
593 2063 814 2148 sentiendum,
835 2065 925 2159 quod
943 2061 1133 2134 huiusmodi
1151 2063 1314 2135 ohserva-

205 2163 312 2218 ttones
332 2163 402 2218 smt
422 2172 621 2218 necessarms
645 2147 758 2218 cultus.
1039 2203 1040 2208 η

224 2227 229 2248 ”
284 2233 428 2326 ‚Addunt
448 2231 633 2304 testimonia
656 2232 895 2327 exscriptum,
924 2233 1076 2304 Christus
1098 2229 1215 2304 matth.
1230 2236 1314 2306 XV.

205 2329 338 2398 ‘excusat
359 2315 554 2411 Apostolos,
585 2317 646 2410 qui
664 2343 730 2390 non
751 2335 957 2388 servaverant
976 2317 1130 2400 usitatam
1152 2317 1313 2387 traditio-

95 2463 97 2470 ,
206 2429 301 2486 nem,
333 2427 399 2496 qua
431 2417 541 2472 tamen
566 2403 737 2482 videbatur
749 2403 798 2484 ale
813 2429 860 2492 ,re
885 2427 953 2473 non
975 2401 1090 2474 illicita
1115 2403 1173 2472 sed
1195 2403 1314 2473 media

205 2512 295 2571 esse,
318 2506 350 2556 et
362 2430 481 2558 haltere
497 2488 720 2584 cognationem
737 2515 811 2558 eum
825 2486 1180 2582 baptismatibus'legis,
1205 2503 1239 2557 et
1253 2485 1313 2558 di-

205 2571 266 2644 citr
299 2577 434 2642 Frustra
449 2571 562 2640 colunt
577 2599 629 2640 me
642 2572 804 2642 mandatis
820 2573 1000 2652 hommum.
1034 2575 1146 2664 'lgr'tur
1163 2595 1230 2642 non
1247 2598 1311 2642 cx-

205 2655 268 2746 igit
286 2655 407 2725 cultum
423 2655 581 2726 inutilem.
616 2661 664 2726 Et
676 2657 774 2752 paulo
788 2673 862 2752 post
871 2657 986 2726 'addita
1017 2659 1126 2726 Omne
1168 2655 1234 2727 nod
1249 2656 1312 2726 in·

174 2815 175 2820 1
205 2756 269 2810 trat
279 2737 315 2810 in
331 2765 381 2823 os,
403 2766 472 2814 non
487 2737 638 2834 inquinat
649 2739 825 2811 hominem.
868 2747 948 2812 ltem
969 2745 1126 2818 Role
1162 2792 1171 2808 .
1206 2740 1311 2832 'neg-

92 2901 95 2908 ,
128 2889 138 2902 ,
167 2841 172 2850 ’
202 2850 283 2896 num
297 2823 665 2896 Dcinouestescaaut
685 2843 792 2921 potus.
825 2825 955 2897 Coloss.
971 2831 1012 2896 11.
1055 2829 1162 2895 Nemo
1183 2825 1314 2916 judicet

203 2935 261 2978 vos
275 2909 310 2978 in
324 2908 417 2991 cibo,
437 2924 537 3002 potu,
559 2909 697 2984 sabbato
712 2926 768 2982 aut
783 2910 835 2988 die
856 2911 951 2980 festo.
993 2917 1102 2980 ltems
1120 2911 1158 2990 Si
1179 2912 1312 2980 mortui

198 2993 280 3066 ‘estis
294 3019 369 3064 eum
384 2991 538 3077 Christo,
558 2995 600 3063 ah
613 2993 779 3064 elementis
794 2994 928 3078 mundi,
950 3020 1050 3090 quare
1073 3011 1131 3064 tan
1157 3017 1232 3062 uam
1248 2994 1311 3064 vi·
1357 3053 1358 3062 ,

102 3129 104 3136 -
204 3096 315 3150 ventes
337 3075 371 3146 in
387 3075 510 3150 mundo
530 3079 657 3148 decreta
677 3077 806 3178 facitis?
850 3085 900 3150 Ne
924 3079 1088 3172 attingas„
1147 3095 1314 3180 egustes.

166 3179 172 3215 ·’
201 3168 252 3233 Ne
265 3179 451 3236 contrectes.
492 3167 603 3235 Actor.
618 3167 691 3232 XV.
713 3181 761 3236 art
777 3169 908 3234 Petrus:
927 3205 930 3228 t
953 3167 1066 3253 Quam
1083 3181 1211 3234 tentatas
1231 3169 1312 3234 De-
1357 3183 1358 3190 ’

202 3274 278 3332 um,
306 3247 508 3343 imponentes
522 3251 638 3340 jugum
652 3273 749 3342 super
770 3245 908 3321 cervices
931 3247 1185 3344 discipulorum,
1213 3252 1313 3351 quod

190 3357 305 3427 neque
317 3357 378 3401 nos
387 3356 493 3427 neque
504 3349 613 3424 patres
628 3333 731 3402 nostri
745 3351 874 3427 portare
887 3333 1063 3428 potuimus,
1079 3335 1136 3402 sed
1151 3358 1207 3427 per
1223 3358 1312 3422 gra-

177 3417 281 3490 utiam
293 3416 434 3488 Domini
449 3416 553 3486 nostri
562 3422 644 3504 Jesu
661 3417 786 3488 Christi
801 3419 962 3500 'credimus
978 3417 1119 3500 salvari,
1141 3419 1312 3512 quemad-

153 3565 158 3576 ,
188 3501 336 3602 modurn
352 3517 384 3570 et
399 3499 460 3599 illi.
504 3501 667 3600 Hicyctat
680 3507 793 3599 Petrus
810 3527 945 3573 onerare
965 3501 1178 3572 conscientias
1192 3499 1311 3599 pluri·-
1357 3535 1358 3570 ;

102 3616 106 3624 ’
199 3587 261 3658 hus
281 3585 401 3656 rrtrhus
421 3611 489 3656 stre
509 3587 631 3668 Moses,
659 3611 733 3672 [stre
754 3586 840 3659 aliis.
876 3593 926 3658 ‘Et
958 3613 989 3656 ι.
1011 3587 1098 3659 Tim.
1122 3591 1179 3656 IV.
1206 3607 1313 3660 vocat

103 3671 105 3678 '
201 3663 455 3767 prohihitionem
471 3669 617 3742 ciborum
632 3671 815 3742 doctrinam
832 3671 1097 3754 daemoniorum,
1116 3667 1197 3764 quia
1211 3696 1310 3765 pug-

199 3772 257 3827 nat
271 3781 346 3826 cum
360 3753 558 3846 Evangelio,
580 3753 657 3826 talia
671 3781 771 3852 opera
786 3757 955 3838 instituere
967 3774 1023 3826 aut
1037 3756 1163 3837 facere,
1180 3770 1222 3824 ut
1240 3781 1312 3850 per

198 3865 237 3910 ea
248 3863 432 3912 mereamur
445 3839 594 3932 gratiam,
618 3857 675 3924 aut
688 3842 779 3937 quod
792 3865 860 3934 non
872 3840 977 3939 possit
991 3838 1124 3912 existere
1133 3839 1312 3910 Christia-

103 3923 106 3929 ’
161 3949 167 3954 ·
198 3925 321 3996 nismus
340 3923 410 3993 sine
430 3921 486 3997 tali
504 3923 602 3999 cultu,
760 3983 761 3990 ,
1236 3969 1243 3980 .

235 4091 244 4108 ·
281 4008 341 4078 Hic
357 4006 516 4100 objiciunt
531 4005 724 4096 adversariii
746 4011 837 4112 quod
855 4009 962 4084 nostri
979 4005 1175 4106 prohibeant
1199 4008 1310 4081 disci-

196 4093 324 4188 plmam
339 4111 374 4170 et
389 4094 671 4174 mortificationem
687 4120 804 4182 carnis,
827 4097 910 4168 sicut
924 4101 948 4164 J
949 4095 1131 4166 ovinianus.
1173 4098 1311 4167 Verum

96 4181 98 4192 '
197 4177 289 4250 aliud
314 4171 563 4273 deprehenditur
584 4179 771 4252 exseritis
803 4184 998 4252 nostrorum.
1055 4185 1190 4276 Semper
1211 4179 1311 4250 enim

77 4303 85 4317 ·
197 4263 391 4350 docueruut
407 4261 446 4336 de
477 4289 587 4351 cruce,
632 4205 729 4361 quod
753 4265 957 4358 Christianos
985 4281 1134 4361 oporteat
1162 4263 1310 4338 tolerare
1357 4303 1358 4312 κ
