2548 4906
1089 305 1096 333 Ι

415 347 689 424 Confessionis.·
727 345 728 353 ¹
1019 349 1089 450 183

19 549 62 601 tnt
81 529 328 616 Jurisconsulti,
364 523 627 623 conjunctionem
650 524 751 594 maris
772 541 803 595 et
828 519 992 614 foeminae
1013 555 1086 609 esse

19 618 65 686 ris
78 615 242 687 naturalis.
266 617 353 684 Cum
367 633 480 685 autern
496 617 549 708 jus
563 610 712 682 naturale
729 609 997 700 sitimmutabile‚
1019 641 1081 685 ne-

19 727 68 772 sse
84 707 131 769 est
144 726 273 794 semper
288 724 418 770 manere
432 702 484 793 jus
497 695 714 784 contrahendi¹
724 697 877 795 conjugii.
917 706 1003 784 Nam
1020 699 1080 770 ubi

17 804 98 856 ttura
120 807 187 853 non
211 801 376 868 mutatur,
411 807 540 864 necesse
565 798 631 868 cst,
668 796 700 850 et
722 780 814 849 rllam
837 781 1078 855 ordinationem

17 893 129 952 ancre,
157 895 256 962 quam
282 875 372 940 Deus
402 869 521 940 indidit
551 885 702 950 naturae,
732 889 790 934 nec
814 885 924 959 potest
946 869 1078 955 legibus

15 954 131 1022 imanis
152 951 235 1024 tolli.
276 951 464 1050 Ridiculum
485 951 586 1048 igitur
609 969 674 1036 est,
701 951 797 1052 ‚quod
815 953 993 1044 aduersarii
1009 982 1074 1023 nu-

16 1056 117 1121 mme,
143 1037 237 1106 initio
251 1037 353 1108 finisse
370 1040 562 1110 mandatum
579 1039 787 1126 con'ugrum,
808 1063 895 1106 nunc
908 1063 974 1106 non
992 1065 1075 1112 esse.

15 1152 50 1194 oc
64 1123 199 1216 perinde
211 1141 277 1205 est,
306 1122 393 1193 acsi
418 1123 589 1192 dicerent>
660 1121 717 1190 lim
738 1139 908 1190 nascentes.
924 1122 1074 1196 homines

13 1215 85 1277 curn'
101 1205 279 1278 attulerunt
292 1231 425 1294 sexum,
455 1234 543 1276 nune
562 1231 628 1276 non
650 1205 802 1276 afferunt.
847 1207 940 1276 Olim
963 1230 1073 1279 secum

14 1293 152 1362 tulerunt
164 1293 218 1385 jus
235 1293 382 1365 naturale
398 1307 584 1374 nascentes,
608 1297 696 1360 nnnc
706 1314 773 1361 non
787 1287 940 1363 afferunt.
984 1293 1091 1363 Nat:

13 1377 153 1447 sFaber
177 1377 329 1448 fabrilius
350 1378 495 1466 cogitare
516 1376 698 1472 quidquam
728 1391 856 1480 posset,
888 1401 987 1472 quam
1010 1378 1073 1450 hae

12 1467 115 1555 eptiae
130 1463 325 1554 excogitatae
339 1479 431 1546 sunt,
461 1461 504 1530 ad
519 1459 717 1530 'eludendum
732 1485 784 1553 Jus
803 1476 948 1534 naturae.
993 1468 1071 1534 Ma-

12 1549 68 1617 ati
94 1543 160 1624 itur
175 1545 237 1616 hoc
255 1545 290 1614 in
306 1569 418 1632 causa,
448 1547 538 1638 quod
552 1545 760 1640 etscriptura
774 1546 887 1630 docet,
916 1563 948 1616 et
962 1549 1069 1638 juris·

11 1573 138 1707 nsuitus
153 1631 317 1725 sapienter
330 1631 424 1701 dixitt
454 1629 719 1724 conjunctionem
740 1629 889 1700 mariset
904 1629 1069 1720 foeminae
1085 1647 1088 1656 '
1147 1640 1150 1649 ’

10 1745 41 1786 se
57 1714 139 1812 juris
154 1715 321 1804 naturalis.
365 1720 471 1786 Porro
491 1718 549 1817 jus
568 1714 721 1796 naturale
737 1739 811 1791 rere
834 1715 955 1806 estius
978 1717 1067 1787 divi-

10 1829 69 1886 m,
98 1799 177 1894 quia
191 1815 239 1870 est
254 1799 416 1888 ordinatio
433 1799 588 1870 divrnitus
604 1799 764 1894 impressa
783 1817 930 1871 naturae.
974 1803 1067 1958 guia

11 1903 79 1958 tem
95 1886 158 1955 hoc
169 1887 229 1980 jus'
239 1883 361 1956 mutari
378 1911 444 1953 non
460 1901 583 1980 potest,
615 1885 686 1962 sine
698 1883 857 1974 singulari
879 1912 898 1953 o
923 1913 975 1957 ere
1021 1885 1066 1972 oi,
1122 1969 1125 1974 Ι

8 1997 97 2041 cesse
110 1985 158 2040 est
174 1995 305 2048 manere
315 1973 368 2064 jus
382 1967 593 2040 contrahendi
608 1967 771 2063 conjugii,
798 1969 878 2064 quia
894 1911 951 2042 iile
964 1989 1063 2042 natu·
1084 1979 1112 2008 “’
1190 2041 1194 2048 ,
1257 1993 1261 2009 ·

8 2057 44 2146 {is
65 2058 228 2150 appetitus
250 2071 301 2126 est
325 2053 486 2126 ordinatio
502 2055 568 2124 Dei
582 2053 618 2124 in
639 2069 758 2124 natura
775 2079 869 2126 sexus
880 2055 923 2125 ad
936 2082 1062 2149 sexum,

7 2167 70 2236 pro
97 2157 183 2216 terea
191 2139 250 2230 ‘jus
268 2155 337 2223 est,
367 2137 496 2234 alioqui
511 2164 614 2232 quare
631 2155 768 2238 uterque
788 2163 883 2208 sexus
904 2143 1063 2214 condere-

6 2235 38 2296 r?
72 2168 127 2295 Psst
140 2223 327 2322 loquimur,
358 2237 509 2318 utsupra
526 2222 728 2306 dictumest,
760 2249 828 2292 non
846 2226 886 2295 de
902 2227 1061 2326 concupi-

6 2311 106 2395 entia‚
142 2335 226 2404 quae
246 2325 412 2405 peccatum
436 2325 503 2392 cst,
530 2309 589 2378 sed
618 2308 739 2393 dogiilo
762 2309 931 2405 appetitu,
962 2338 1076 2406 quem
1119 2323 1122 2330 '

5 2412 83 2466 cant
105 2395 247 2490 otopyint
270 2393 431 2488 φυσικήν,
457 2412 557 2488 quem
573 2393 830 2488 concupiscentia
844 2419 911 2466 uon
931 2395 1077 2466 sustulit,
1215 2451 1220 2462 .

12 2498 153 2564 natura,
182 2481 240 2550 sed
254 2481 413 2563 accendit,
446 2495 482 2549 ut
496 2497 582 2550 nunc
595 2477 743 2548 remedio
760 2477 866 2568 magis
890 2477 1056 2576 opnsyha-
1110 2503 1111 2508 ’
1212 2515 1218 2526 ’
1257 2559 1264 2568 ,

5 2581 53 2649 at,
89 2582 121 2635 et
136 2563 325 2656 con'ugiuni
340 2589 407 2634 non
420 2562 530 2632 solum
546 2563 779 2658 procreationis
797 2585 893 2633 causa
908 2589 1058 2638 necessa-

10 2679 46 2718 m
61 2655 122 2735 sit,
145 2593 312 2722 sedetiam
329 2647 467 2718 remedii
481 2671 588 2718 causa.
631 2651 718 2723 Haec
731 2661 807 2720 sunt
820 2649 1004 2752 perspicua·
1027 2667 1060 2723 et
1119 2685 1121 2690 ·
1211 2653 1214 2664 “

5 2762 39 2808 to
54 2737 170 2822 firma,
192 2734 344 2813 ,utnullo
359 2730 660 2836 modoolabefactari
676 2727 807 2830 queant,'
874 2797 876 2802 ,
1129 2766 1132 2777 ·

42 2851 171 2924 Tertio
211 2847 340 2934 Paulae
353 2835 418 2924 ait:
448 2855 591 2950 Propter
612 2850 858 2922 fornicationem
874 2853 1058 2948 unusquis-
1150 2883 1153 2888 ·

5 2937 158 3009 ehabeat
176 2962 310 3006 uxorem
327 2963 439 3030 suam..
473 2940 543 3009 Hoc
565 2939 634 3028 jam
655 2950 843 3032 expressum
865 2939 1056 3012 mandatum

10 3075 23 3106 ‚
56 3023 100 3090 ad
117 3023 226 3091 omnes
241 3021 425 3121 pertinens,
456 3022 594 3124 quinon
620 3039 697 3090 sunt
719 3021 830 3114 idonpi
851 3021 894 3094 ad
911 3021 1055 3094 coeliba-

5 3135 37 3176 n.
85 3105 276 3176 Adversarri
306 3105 423 3200 jubent
451 3107 515 3175 sthi
541 3107 671 3178 ostendi
698 3122 925 3202 praeceptum,
964 3107 1057 3208 quod

5 3189 119 3284 ‚Jecipit
135 3190 356 3262 sacerdotibus
372 3204 488 3262 uxores
506 3192 641 3276 doceo,
671 3190 764 3286 quasi
785 3191 968 3262 sacerdotes
986 3215 1054 3261 non
1099 3237 1101 3242 -

5 3275 200 3350 thomiu'e's.
242 3276 460 3372 Nosquaede
478 3293 594 3350 natura
610 3275 781 3352 hominum
802 3277 968 3366 ingruere
984 3275 1054 3346 dis-
1119 3271 1153 3358 ³,
1189 3290 1209 3330 ἰ

5 3385 129 3444 amur,
158 3361 306 3460 profecto
322 3361 421 3434 etiam
436 3360 478 3430 ad
494 3359 674 3454 sacerdotes
687 3358 847 3453 pertinere
861 3358 1055 3452 judicamus‘.

9 3472 87 3518 nou
109 3445 271 3541 praecipit
295 3445 349 3518 hic
370 3443 508 3528 Paulus,
533 3461 571 3538 ut
592 3441 713 3515 ducant
730 3469 868 3529 uxorem
891 3445 965 3530 isti,
985 3443 1064 3540 'qui'

5 3565 11 3602 ι
31 3522 158 3602 habent
173 3534 296 3618 donum
310 3527 544 3606 continentiae?
581 3533 815 3630 Interpretatur
830 3530 965 3602 enimse
980 3531 1052 3626 ipse

5 3617 50 3689 do
72 3631 163 3710 post,
199 3643 275 3686 eum
296 3615 359 3690 ait:
393 3613 589 3708 Meliusest
610 3615 750 3704 nubere,
781 3639 879 3715 quam
900 3614 965 3696 uriq
1006 3619 1053 3686 Et

5 3703 109 3770 ristus
124 3700 208 3792 clare
227 3699 324 3770 dixit:
355 3705 560 3772 Non-omnes
578 3697 711 3794 capiunt
730 3705 791 3773 hoc
813 3699 947 3768 verbum
956 3744 970 3783 ,ι
993 3701 1052 3770 scd
1125 3744 1127 3756 ·
1186 3717 1188 3724 '

7 3789 76 3862 bus
109 3785 313 3866 detumeat,
354 3783 433 3878 q'uia
456 3810 544 3876 nunc
565 3799 640 3880 post
661 3800 828 3878 peccatum
856 3801 1052 3860 concurrunt
1092 3839 1095 3846 i

7 3897 31 3938 c
48 3869 135 3951 duo,
167 3867 327 3940 naturalis
342 3867 511 3964 appetitus
531 3883 563 3944 et
583 3867 860 3972 concupiscentia,
889 3893 972 3962 quae
995 3867 1052 3942 in·
1112 3880 1118 3895 “

5 3969 103 4022 nmat
116 3958 160 4038 *)·
180 3954 359 4028 naturalem
383 3952 584 4053 appetitum,
620 3970 657 4023 ut
679 3977 749 4046 Jam
779 3954 883 4046 magis
904 3963 988 4051 ‘opus
1008 3954 1052 4023 sit

5 4036 129 4134 jugie,
159 4063 257 4133 quam
269 4037 304 4108 in
320 4054 437 4108 natura
452 4038 590 4140 integra.
628 4038 706 4108 Ideo
724 4035 853 4112 Paulae
872 4039 911 4114 de
932 4039 1051 4134 conju-

29 4139 191 4220 tanquam
213 4122 253 4194 de
268 4121 414 4248 remedio
434 4121 599 4224 loquitur,
625 4139 659 4195 ct
671 4137 805 4228 propter
823 4121 881 4200 illa
893 4120 1050 4192 'incendra

35 4271 259 4357 inflammat]
284 4249 414 4394 Rdchenp.
432 4279 661 4338 inflammant.
726 4262 728 4268 ,
