<?xml version="1.0" encoding="UTF-8"?>
<!DOCTYPE html PUBLIC "-//W3C//DTD XHTML 1.0 Transitional//EN"
    "http://www.w3.org/TR/xhtml1/DTD/xhtml1-transitional.dtd">
<html xmlns="http://www.w3.org/1999/xhtml" xml:lang="en" lang="en">
 <head>
  <title>
</title>
<meta http-equiv="Content-Type" content="text/html;charset=utf-8" />
  <meta name='ocr-system' content='tesseract 3.04.00' />
  <meta name='ocr-capabilities' content='ocr_page ocr_carea ocr_par ocr_line ocrx_word'/>
</head>
<body>
  <div class='ocr_page' id='page_1' title='image "./librisymbolicie03churgoog/librisymbolicie03churgoog_0607.png"; bbox 0 0 2658 4892; ppageno 0'>
   <div class='ocr_carea' id='block_1_1' title="bbox 372 201 474 240">
    <p class='ocr_par' dir='ltr' id='par_1_1' title="bbox 372 201 474 240">
     <span class='ocr_line' id='line_1_1' title="bbox 372 201 474 240; baseline 0 0"><span class='ocrx_word' id='word_1_1' title='bbox 372 201 381 218; x_wconf 84' lang='lat'><strong><em>‘</em></strong></span> <span class='ocrx_word' id='word_1_2' title='bbox 461 203 474 240; x_wconf 86' lang='grc' dir='ltr'><em>Ι</em></span> 
     </span>
    </p>
   </div>
   <div class='ocr_carea' id='block_1_2' title="bbox 188 273 1005 412">
    <p class='ocr_par' dir='ltr' id='par_1_2' title="bbox 188 273 1103 418">
     <span class='ocr_line' id='line_1_2' title="bbox 188 273 1005 412; baseline 0.022 -14"><span class='ocrx_word' id='word_1_3' title='bbox 188 333 204 398; x_wconf 91' lang='grc'><strong>.’</strong></span> <span class='ocrx_word' id='word_1_4' title='bbox 232 328 307 412; x_wconf 76' lang='lat'><strong>606</strong></span> <span class='ocrx_word' id='word_1_5' title='bbox 408 315 440 334; x_wconf 41' lang='lat'><strong>&#39;¹</strong></span> <span class='ocrx_word' id='word_1_6' title='bbox 565 273 1005 410; x_wconf 71' lang='lat' dir='ltr'><strong>uomue‘doneortiee.</strong></span> 
     </span>
    </p>
   </div>
   <div class='ocr_carea' id='block_1_3' title="bbox 136 507 1306 4350">
    <p class='ocr_par' dir='ltr' id='par_1_3' title="bbox 136 507 1306 4350">
     <span class='ocr_line' id='line_1_3' title="bbox 230 507 1282 612; baseline -0.002 -26"><span class='ocrx_word' id='word_1_7' title='bbox 230 515 318 586; x_wconf 84' lang='lat' dir='ltr'><strong>un&#39;de</strong></span> <span class='ocrx_word' id='word_1_8' title='bbox 331 539 438 612; x_wconf 84' lang='lat' dir='ltr'><strong>neque</strong></span> <span class='ocrx_word' id='word_1_9' title='bbox 452 513 637 608; x_wconf 85' lang='lat' dir='ltr'><strong>mandanda</strong></span> <span class='ocrx_word' id='word_1_10' title='bbox 652 529 786 584; x_wconf 87' lang='lat' dir='ltr'><strong>suntne</strong></span> <span class='ocrx_word' id='word_1_11' title='bbox 810 540 850 586; x_wconf 90' lang='lat' dir='ltr'><strong>ue</strong></span> <span class='ocrx_word' id='word_1_12' title='bbox 860 507 1079 610; x_wconf 85' lang='lat' dir='ltr'><strong>prohibenda,</strong></span> <span class='ocrx_word' id='word_1_13' title='bbox 1100 531 1138 602; x_wconf 81' lang='lat' dir='ltr'><strong>ut</strong></span> <span class='ocrx_word' id='word_1_14' title='bbox 1150 515 1195 585; x_wconf 85' lang='lat' dir='ltr'><strong>rel</strong></span> <span class='ocrx_word' id='word_1_15' title='bbox 1207 517 1282 585; x_wconf 87' lang='lat' dir='ltr'><strong>obser-</strong></span> 
     </span>
     <span class='ocr_line' id='line_1_4' title="bbox 230 539 1283 702; baseline -0.002 -33"><span class='ocrx_word' id='word_1_16' title='bbox 230 617 366 686; x_wconf 77' lang='lat' dir='ltr'><strong>¹rentur,</strong></span> <span class='ocrx_word' id='word_1_17' title='bbox 389 600 732 702; x_wconf 70' lang='lat' dir='ltr'><strong>velinttermittaptur3</strong></span> <span class='ocrx_word' id='word_1_18' title='bbox 756 539 814 672; x_wconf 75' lang='lat' dir='ltr'><strong>aad</strong></span> <span class='ocrx_word' id='word_1_19' title='bbox 830 602 941 692; x_wconf 84' lang='lat' dir='ltr'><strong>agitur</strong></span> <span class='ocrx_word' id='word_1_20' title='bbox 955 607 1150 700; x_wconf 78' lang='lat' dir='ltr'><strong>praecipuus</strong></span> <span class='ocrx_word' id='word_1_21' title='bbox 1162 601 1283 698; x_wconf 71' lang='lat' dir='ltr'><strong>religionis</strong></span> 
     </span>
     <span class='ocr_line' id='line_1_5' title="bbox 230 685 1283 782; baseline -0.006 -24"><span class='ocrx_word' id='word_1_22' title='bbox 230 703 362 758; x_wconf 86' lang='lat' dir='ltr'><strong>nostrae</strong></span> <span class='ocrx_word' id='word_1_23' title='bbox 376 685 580 760; x_wconf 78' lang='lat' dir='ltr'><strong>Christianae</strong></span> <span class='ocrx_word' id='word_1_24' title='bbox 596 685 773 782; x_wconf 77' lang='lat' dir='ltr'><strong>articulos,</strong></span> <span class='ocrx_word' id='word_1_25' title='bbox 802 701 841 760; x_wconf 87' lang='lat' dir='ltr'><strong>ut</strong></span> <span class='ocrx_word' id='word_1_26' title='bbox 856 687 1014 758; x_wconf 83' lang='lat' dir='ltr'><strong>niurirum</strong></span> <span class='ocrx_word' id='word_1_27' title='bbox 1027 688 1147 760; x_wconf 79' lang='lat' dir='ltr'><strong>veritas</strong></span> <span class='ocrx_word' id='word_1_28' title='bbox 1158 687 1283 777; x_wconf 76' lang='lat' dir='ltr'><strong>Evangdi</strong></span> 
     </span>
     <span class='ocr_line' id='line_1_6' title="bbox 230 767 1284 865; baseline -0.006 -23"><span class='ocrx_word' id='word_1_29' title='bbox 230 787 392 855; x_wconf 83' lang='lat' dir='ltr'><strong>constet„</strong></span> <span class='ocrx_word' id='word_1_30' title='bbox 407 770 490 842; x_wconf 88' lang='lat' dir='ltr'><strong>sicut</strong></span> <span class='ocrx_word' id='word_1_31' title='bbox 506 769 689 865; x_wconf 79' lang='lat' dir='ltr'><strong>Apostolus</strong></span> <span class='ocrx_word' id='word_1_32' title='bbox 711 775 859 842; x_wconf 75' lang='lat' dir='ltr'><strong>testatur.</strong></span> <span class='ocrx_word' id='word_1_33' title='bbox 902 767 1035 842; x_wconf 86' lang='lat' dir='ltr'><strong>Veritas</strong></span> <span class='ocrx_word' id='word_1_34' title='bbox 1058 771 1145 843; x_wconf 91' lang='lat' dir='ltr'><strong>enim</strong></span> <span class='ocrx_word' id='word_1_35' title='bbox 1157 769 1284 862; x_wconf 78' lang='lat' dir='ltr'>Evangelii</span> 
     </span>
     <span class='ocr_line' id='line_1_7' title="bbox 230 854 1284 950; baseline -0.009 -19"><span class='ocrx_word' id='word_1_36' title='bbox 230 858 424 931; x_wconf 77' lang='lat' dir='ltr'><strong>obsoni-atter</strong></span> <span class='ocrx_word' id='word_1_37' title='bbox 438 873 471 928; x_wconf 91' lang='lat' dir='ltr'><strong>et</strong></span> <span class='ocrx_word' id='word_1_38' title='bbox 481 854 713 939; x_wconf 77' lang='lat' dir='ltr'><strong>labefactatur,</strong></span> <span class='ocrx_word' id='word_1_39' title='bbox 742 883 817 926; x_wconf 91' lang='lat' dir='ltr'><strong>cum</strong></span> <span class='ocrx_word' id='word_1_40' title='bbox 834 855 1018 950; x_wconf 87' lang='lat' dir='ltr'><strong>adiaphora</strong></span> <span class='ocrx_word' id='word_1_41' title='bbox 1037 884 1112 928; x_wconf 87' lang='lat' dir='ltr'><strong>cum</strong></span> <span class='ocrx_word' id='word_1_42' title='bbox 1126 860 1255 926; x_wconf 82' lang='lat' dir='ltr'><strong>mandato</strong></span> <span class='ocrx_word' id='word_1_43' title='bbox 1266 871 1284 923; x_wconf 87' lang='lat' dir='ltr'><strong>et</strong></span> 
     </span>
     <span class='ocr_line' id='line_1_8' title="bbox 229 939 1285 1036; baseline -0.004 -24"><span class='ocrx_word' id='word_1_44' title='bbox 229 943 394 1018; x_wconf 79' lang='lat' dir='ltr'>coactione</span> <span class='ocrx_word' id='word_1_45' title='bbox 405 939 610 1022; x_wconf 69' lang='lat' dir='ltr'><strong>conscientiis</strong></span> <span class='ocrx_word' id='word_1_46' title='bbox 624 941 825 1012; x_wconf 68' lang='lat' dir='ltr'><strong>observanda</strong></span> <span class='ocrx_word' id='word_1_47' title='bbox 843 941 1070 1036; x_wconf 80' lang='lat' dir='ltr'><strong>imponuntur.</strong></span> <span class='ocrx_word' id='word_1_48' title='bbox 1101 940 1188 1032; x_wconf 84' lang='lat' dir='ltr'><strong>Quia</strong></span> <span class='ocrx_word' id='word_1_49' title='bbox 1198 942 1285 1010; x_wconf 82' lang='lat' dir='ltr'><strong>adeon</strong></span> 
     </span>
     <span class='ocr_line' id='line_1_9' title="bbox 136 1023 1285 1120; baseline -0.005 -22"><span class='ocrx_word' id='word_1_50' title='bbox 136 1044 156 1116; x_wconf 54' lang='grc' dir='ltr'><strong><em>Υ</em></strong></span> <span class='ocrx_word' id='word_1_51' title='bbox 229 1029 445 1100; x_wconf 84' lang='lat' dir='ltr'><strong>firmationem</strong></span> <span class='ocrx_word' id='word_1_52' title='bbox 471 1023 763 1120; x_wconf 78' lang='lat' dir='ltr'><strong>superstitionum,</strong></span> <span class='ocrx_word' id='word_1_53' title='bbox 791 1026 894 1098; x_wconf 82' lang='lat' dir='ltr'><strong>falsae</strong></span> <span class='ocrx_word' id='word_1_54' title='bbox 920 1027 1105 1110; x_wconf 89' lang='lat' dir='ltr'><strong>doctrinae,</strong></span> <span class='ocrx_word' id='word_1_55' title='bbox 1134 1045 1164 1097; x_wconf 89' lang='lat' dir='ltr'><strong>et</strong></span> <span class='ocrx_word' id='word_1_56' title='bbox 1185 1025 1285 1096; x_wconf 74' lang='lat' dir='ltr'><strong>idolola-</strong></span> 
     </span>
     <span class='ocr_line' id='line_1_10' title="bbox 230 1109 1285 1208; baseline -0.006 -25"><span class='ocrx_word' id='word_1_57' title='bbox 230 1115 327 1195; x_wconf 78' lang='lat' dir='ltr'><strong>uiae,</strong></span> <span class='ocrx_word' id='word_1_58' title='bbox 350 1128 380 1182; x_wconf 90' lang='lat' dir='ltr'><strong>et</strong></span> <span class='ocrx_word' id='word_1_59' title='bbox 395 1111 438 1181; x_wconf 88' lang='lat' dir='ltr'><strong>ael</strong></span> <span class='ocrx_word' id='word_1_60' title='bbox 455 1109 706 1208; x_wconf 76' lang='lat' dir='ltr'><strong>opprimendam</strong></span> <span class='ocrx_word' id='word_1_61' title='bbox 723 1113 884 1182; x_wconf 78' lang='lat' dir='ltr'><strong>sinceram</strong></span> <span class='ocrx_word' id='word_1_62' title='bbox 902 1112 1084 1194; x_wconf 87' lang='lat' dir='ltr'><strong>doctrinam</strong></span> <span class='ocrx_word' id='word_1_63' title='bbox 1103 1127 1137 1182; x_wconf 88' lang='lat' dir='ltr'><strong>et</strong></span> <span class='ocrx_word' id='word_1_64' title='bbox 1151 1112 1285 1180; x_wconf 81' lang='lat' dir='ltr'><strong>libertato</strong></span> 
     </span>
     <span class='ocr_line' id='line_1_11' title="bbox 230 1193 1285 1290; baseline -0.006 -22"><span class='ocrx_word' id='word_1_65' title='bbox 230 1196 476 1278; x_wconf 78' lang='lat' dir='ltr'><strong>Christianam,</strong></span> <span class='ocrx_word' id='word_1_66' title='bbox 496 1195 562 1266; x_wconf 40' lang='lat' dir='ltr'><strong>uvel</strong></span> <span class='ocrx_word' id='word_1_67' title='bbox 587 1195 697 1290; x_wconf 85' lang='lat' dir='ltr'><strong>palam</strong></span> <span class='ocrx_word' id='word_1_68' title='bbox 723 1197 766 1266; x_wconf 92' lang='lat' dir='ltr'><strong>ab</strong></span> <span class='ocrx_word' id='word_1_69' title='bbox 794 1197 991 1268; x_wconf 83' lang='lat' dir='ltr'><strong>adversariis</strong></span> <span class='ocrx_word' id='word_1_70' title='bbox 1015 1197 1236 1290; x_wconf 88' lang='lat' dir='ltr'><strong>requiruntur,</strong></span> <span class='ocrx_word' id='word_1_71' title='bbox 1256 1193 1285 1262; x_wconf 84' lang='lat' dir='ltr'><strong>rel</strong></span> 
     </span>
     <span class='ocr_line' id='line_1_12' title="bbox 229 1279 1286 1376; baseline -0.007 -23"><span class='ocrx_word' id='word_1_72' title='bbox 229 1300 315 1354; x_wconf 85' lang='lat' dir='ltr'><strong>certe</strong></span> <span class='ocrx_word' id='word_1_73' title='bbox 333 1283 379 1353; x_wconf 91' lang='lat' dir='ltr'><strong>ita</strong></span> <span class='ocrx_word' id='word_1_74' title='bbox 394 1283 435 1352; x_wconf 88' lang='lat' dir='ltr'><strong>ab</strong></span> <span class='ocrx_word' id='word_1_75' title='bbox 450 1281 530 1370; x_wconf 88' lang='lat' dir='ltr'><strong>ipsis</strong></span> <span class='ocrx_word' id='word_1_76' title='bbox 545 1279 765 1376; x_wconf 82' lang='lat' dir='ltr'><strong>recipiuntur,</strong></span> <span class='ocrx_word' id='word_1_77' title='bbox 793 1299 824 1364; x_wconf 88' lang='lat' dir='ltr'><strong>et</strong></span> <span class='ocrx_word' id='word_1_78' title='bbox 836 1284 871 1352; x_wconf 91' lang='lat' dir='ltr'><strong>in</strong></span> <span class='ocrx_word' id='word_1_79' title='bbox 888 1281 977 1354; x_wconf 85' lang='lat' dir='ltr'><strong>huuc</strong></span> <span class='ocrx_word' id='word_1_80' title='bbox 991 1281 1135 1354; x_wconf 84' lang='lat' dir='ltr'><strong>abusum</strong></span> <span class='ocrx_word' id='word_1_81' title='bbox 1152 1299 1182 1354; x_wconf 91' lang='lat' dir='ltr'><strong>et</strong></span> <span class='ocrx_word' id='word_1_82' title='bbox 1194 1305 1286 1375; x_wconf 85' lang='lat' dir='ltr'><strong>praeno</strong></span> 
     </span>
     <span class='ocr_line' id='line_1_13' title="bbox 230 1365 859 1439; baseline -0.01 0"><span class='ocrx_word' id='word_1_83' title='bbox 230 1369 331 1439; x_wconf 83' lang='lat' dir='ltr'><strong>finem</strong></span> <span class='ocrx_word' id='word_1_84' title='bbox 344 1367 492 1438; x_wconf 88' lang='lat' dir='ltr'><strong>restituta</strong></span> <span class='ocrx_word' id='word_1_85' title='bbox 507 1365 696 1436; x_wconf 86' lang='lat' dir='ltr'><strong>creduntur.</strong></span> <span class='ocrx_word' id='word_1_86' title='bbox 856 1425 859 1433; x_wconf 91' lang='lat'>.</span> 
     </span>
     <span class='ocr_line' id='line_1_14' title="bbox 228 1449 1287 1540; baseline -0.005 -18"><span class='ocrx_word' id='word_1_87' title='bbox 228 1465 237 1510; x_wconf 69' lang='grc' dir='ltr'><em>ί</em></span> <span class='ocrx_word' id='word_1_88' title='bbox 314 1457 485 1524; x_wconf 86' lang='lat' dir='ltr'><strong>Praeterea</strong></span> <span class='ocrx_word' id='word_1_89' title='bbox 494 1451 529 1520; x_wconf 91' lang='lat' dir='ltr'><strong>in</strong></span> <span class='ocrx_word' id='word_1_90' title='bbox 545 1449 657 1522; x_wconf 86' lang='lat' dir='ltr'><strong>hocne</strong></span> <span class='ocrx_word' id='word_1_91' title='bbox 705 1455 749 1533; x_wconf 80' lang='lat' dir='ltr'><strong>tio</strong></span> <span class='ocrx_word' id='word_1_92' title='bbox 763 1451 985 1540; x_wconf 67' lang='lat' dir='ltr'><strong>apituseetiam</strong></span> <span class='ocrx_word' id='word_1_93' title='bbox 1001 1450 1160 1522; x_wconf 86' lang='lat' dir='ltr'><strong>articulus</strong></span> <span class='ocrx_word' id='word_1_94' title='bbox 1176 1453 1211 1522; x_wconf 84' lang='lat' dir='ltr'><strong>ele</strong></span> <span class='ocrx_word' id='word_1_95' title='bbox 1223 1451 1287 1518; x_wconf 83' lang='lat' dir='ltr'><strong>liber-</strong></span> 
     </span>
     <span class='ocr_line' id='line_1_15' title="bbox 228 1536 1287 1632; baseline -0.01 -20"><span class='ocrx_word' id='word_1_96' title='bbox 228 1556 294 1612; x_wconf 87' lang='lat' dir='ltr'><strong>tate</strong></span> <span class='ocrx_word' id='word_1_97' title='bbox 309 1539 516 1620; x_wconf 86' lang='lat' dir='ltr'><strong>Christiana,</strong></span> <span class='ocrx_word' id='word_1_98' title='bbox 537 1561 637 1630; x_wconf 85' lang='lat' dir='ltr'><strong>quem</strong></span> <span class='ocrx_word' id='word_1_99' title='bbox 674 1536 897 1630; x_wconf 82' lang='lat' dir='ltr'><strong>iligentissime</strong></span> <span class='ocrx_word' id='word_1_100' title='bbox 913 1540 1174 1610; x_wconf 81' lang='lat' dir='ltr'><strong>conservandum</strong></span> <span class='ocrx_word' id='word_1_101' title='bbox 1186 1537 1287 1632; x_wconf 87' lang='lat' dir='ltr'><strong>Spiritu</strong></span> 
     </span>
     <span class='ocr_line' id='line_1_16' title="bbox 227 1619 1287 1726; baseline -0.009 -30"><span class='ocrx_word' id='word_1_102' title='bbox 227 1641 358 1696; x_wconf 83' lang='lat' dir='ltr'><strong>sanctus</strong></span> <span class='ocrx_word' id='word_1_103' title='bbox 380 1649 442 1719; x_wconf 91' lang='lat' dir='ltr'><strong>per</strong></span> <span class='ocrx_word' id='word_1_104' title='bbox 463 1648 499 1694; x_wconf 86' lang='lat' dir='ltr'><strong>oa</strong></span> <span class='ocrx_word' id='word_1_105' title='bbox 516 1621 668 1726; x_wconf 81' lang='lat' dir='ltr'><strong>Apostoli</strong></span> <span class='ocrx_word' id='word_1_106' title='bbox 690 1622 788 1692; x_wconf 88' lang='lat' dir='ltr'><strong>Pauli</strong></span> <span class='ocrx_word' id='word_1_107' title='bbox 809 1621 978 1693; x_wconf 77' lang='lat' dir='ltr'><strong>Ecclesiae</strong></span> <span class='ocrx_word' id='word_1_108' title='bbox 1001 1623 1146 1708; x_wconf 83' lang='lat' dir='ltr'><strong>Christi,</strong></span> <span class='ocrx_word' id='word_1_109' title='bbox 1174 1640 1209 1694; x_wconf 90' lang='lat' dir='ltr'><strong>ut</strong></span> <span class='ocrx_word' id='word_1_110' title='bbox 1226 1619 1287 1690; x_wconf 87' lang='lat' dir='ltr'><strong>mode</strong></span> 
     </span>
     <span class='ocr_line' id='line_1_17' title="bbox 180 1705 1288 1810; baseline -0.008 -30"><span class='ocrx_word' id='word_1_111' title='bbox 180 1759 183 1766; x_wconf 36' lang='grc' dir='ltr'><strong><em>ι</em></strong></span> <span class='ocrx_word' id='word_1_112' title='bbox 228 1711 433 1791; x_wconf 82' lang='lat' dir='ltr'><strong>dictumest,</strong></span> <span class='ocrx_word' id='word_1_113' title='bbox 456 1705 659 1776; x_wconf 86' lang='lat' dir='ltr'><strong>sererrssime</strong></span> <span class='ocrx_word' id='word_1_114' title='bbox 676 1707 852 1802; x_wconf 83' lang='lat' dir='ltr'><strong>praecepit.</strong></span> <span class='ocrx_word' id='word_1_115' title='bbox 897 1711 1159 1810; x_wconf 76' lang='lat' dir='ltr'><strong>Quamprimum</strong></span> <span class='ocrx_word' id='word_1_116' title='bbox 1173 1707 1288 1778; x_wconf 75' lang='lat' dir='ltr'><strong>enimai-</strong></span> 
     </span>
     <span class='ocr_line' id='line_1_18' title="bbox 228 1791 1287 1894; baseline -0.008 -28"><span class='ocrx_word' id='word_1_117' title='bbox 228 1795 345 1866; x_wconf 89' lang='lat' dir='ltr'><strong>ticulus</strong></span> <span class='ocrx_word' id='word_1_118' title='bbox 362 1793 421 1863; x_wconf 89' lang='lat' dir='ltr'><strong>ille</strong></span> <span class='ocrx_word' id='word_1_119' title='bbox 439 1791 670 1873; x_wconf 74' lang='lat' dir='ltr'><strong>labefactatur,</strong></span> <span class='ocrx_word' id='word_1_120' title='bbox 691 1810 724 1862; x_wconf 89' lang='lat' dir='ltr'><strong>et</strong></span> <span class='ocrx_word' id='word_1_121' title='bbox 737 1791 900 1862; x_wconf 85' lang='lat' dir='ltr'><strong>humanae</strong></span> <span class='ocrx_word' id='word_1_122' title='bbox 914 1794 1104 1864; x_wconf 76' lang='lat' dir='ltr'><strong>traditiones</strong></span> <span class='ocrx_word' id='word_1_123' title='bbox 1122 1820 1182 1894; x_wconf 90' lang='lat' dir='ltr'><strong>per</strong></span> <span class='ocrx_word' id='word_1_124' title='bbox 1195 1793 1287 1862; x_wconf 86' lang='lat' dir='ltr'><strong>modun</strong></span> 
     </span>
     <span class='ocr_line' id='line_1_19' title="bbox 203 1875 1306 1972; baseline 0.001 -21"><span class='ocrx_word' id='word_1_125' title='bbox 203 1878 403 1968; x_wconf 75' lang='lat' dir='ltr'><strong>‚coactionis</strong></span> <span class='ocrx_word' id='word_1_126' title='bbox 430 1875 594 1948; x_wconf 85' lang='lat' dir='ltr'><strong>Ecclesiae</strong></span> <span class='ocrx_word' id='word_1_127' title='bbox 612 1876 695 1958; x_wconf 89' lang='lat' dir='ltr'><strong>Dei,</strong></span> <span class='ocrx_word' id='word_1_128' title='bbox 731 1893 891 1972; x_wconf 88' lang='lat' dir='ltr'><strong>tanquam</strong></span> <span class='ocrx_word' id='word_1_129' title='bbox 920 1879 1096 1948; x_wconf 79' lang='lat' dir='ltr'><strong>observatu</strong></span> <span class='ocrx_word' id='word_1_130' title='bbox 1123 1879 1306 1964; x_wconf 71' lang='lat' dir='ltr'><strong>neccssarittl</strong></span> 
     </span>
     <span class='ocr_line' id='line_1_20' title="bbox 227 1960 1287 2060; baseline -0.004 -26"><span class='ocrx_word' id='word_1_131' title='bbox 227 1963 468 2042; x_wconf 89' lang='lat' dir='ltr'><strong>obtruduntur,</strong></span> <span class='ocrx_word' id='word_1_132' title='bbox 499 1963 594 2055; x_wconf 85' lang='lat' dir='ltr'><strong>quasi</strong></span> <span class='ocrx_word' id='word_1_133' title='bbox 612 1960 685 2030; x_wconf 89' lang='lat' dir='ltr'><strong>siue</strong></span> <span class='ocrx_word' id='word_1_134' title='bbox 703 1979 836 2055; x_wconf 86' lang='lat' dir='ltr'><strong>peccato</strong></span> <span class='ocrx_word' id='word_1_135' title='bbox 854 1962 978 2054; x_wconf 84' lang='lat' dir='ltr'><strong>negligi</strong></span> <span class='ocrx_word' id='word_1_136' title='bbox 994 1989 1061 2034; x_wconf 92' lang='lat' dir='ltr'><strong>non</strong></span> <span class='ocrx_word' id='word_1_137' title='bbox 1076 1971 1226 2060; x_wconf 83' lang='lat' dir='ltr'><strong>possent,</strong></span> <span class='ocrx_word' id='word_1_138' title='bbox 1249 1979 1287 2030; x_wconf 88' lang='lat' dir='ltr'><strong>ten</strong></span> 
     </span>
     <span class='ocr_line' id='line_1_21' title="bbox 229 2043 1287 2142; baseline -0.008 -18"><span class='ocrx_word' id='word_1_139' title='bbox 229 2052 295 2124; x_wconf 83' lang='lat' dir='ltr'><strong>&#39;am</strong></span> <span class='ocrx_word' id='word_1_140' title='bbox 316 2043 523 2120; x_wconf 86' lang='lat' dir='ltr'><strong>idololatriae</strong></span> <span class='ocrx_word' id='word_1_141' title='bbox 545 2069 667 2141; x_wconf 77' lang='lat' dir='ltr'><strong>magna</strong></span> <span class='ocrx_word' id='word_1_142' title='bbox 686 2047 827 2117; x_wconf 83' lang='lat' dir='ltr'><strong>fenestra</strong></span> <span class='ocrx_word' id='word_1_143' title='bbox 849 2065 898 2118; x_wconf 87' lang='lat' dir='ltr'><strong>est</strong></span> <span class='ocrx_word' id='word_1_144' title='bbox 913 2050 1094 2142; x_wconf 83' lang='lat' dir='ltr'><strong>patefacta,</strong></span> <span class='ocrx_word' id='word_1_145' title='bbox 1128 2066 1166 2118; x_wconf 92' lang='lat' dir='ltr'><strong>ut</strong></span> <span class='ocrx_word' id='word_1_146' title='bbox 1181 2049 1287 2138; x_wconf 76' lang='lat' dir='ltr'><strong>deincep</strong></span> 
     </span>
     <span class='ocr_line' id='line_1_22' title="bbox 226 2077 1287 2229; baseline -0.012 -20"><span class='ocrx_word' id='word_1_147' title='bbox 226 2077 391 2210; x_wconf 84' lang='lat' dir='ltr'><strong>humanae</strong></span> <span class='ocrx_word' id='word_1_148' title='bbox 411 2130 603 2228; x_wconf 81' lang='lat' dir='ltr'><strong>traditiones</strong></span> <span class='ocrx_word' id='word_1_149' title='bbox 625 2132 854 2215; x_wconf 80' lang='lat' dir='ltr'><strong>cumulentur,</strong></span> <span class='ocrx_word' id='word_1_150' title='bbox 885 2150 916 2202; x_wconf 91' lang='lat' dir='ltr'><strong>et</strong></span> <span class='ocrx_word' id='word_1_151' title='bbox 933 2159 995 2229; x_wconf 88' lang='lat' dir='ltr'><strong>pro</strong></span> <span class='ocrx_word' id='word_1_152' title='bbox 1019 2131 1110 2204; x_wconf 88' lang='lat' dir='ltr'><strong>cultu</strong></span> <span class='ocrx_word' id='word_1_153' title='bbox 1135 2133 1237 2203; x_wconf 76' lang='lat' dir='ltr'><strong>diuino</strong></span> <span class='ocrx_word' id='word_1_154' title='bbox 1252 2130 1287 2197; x_wconf 83' lang='lat' dir='ltr'><strong>la-</strong></span> 
     </span>
     <span class='ocr_line' id='line_1_23' title="bbox 225 2217 1286 2314; baseline -0.008 -20"><span class='ocrx_word' id='word_1_155' title='bbox 225 2225 378 2298; x_wconf 85' lang='lat' dir='ltr'><strong>beautur,</strong></span> <span class='ocrx_word' id='word_1_156' title='bbox 406 2240 514 2311; x_wconf 86' lang='lat' dir='ltr'><strong>neque</strong></span> <span class='ocrx_word' id='word_1_157' title='bbox 537 2217 639 2289; x_wconf 90' lang='lat' dir='ltr'><strong>modo</strong></span> <span class='ocrx_word' id='word_1_158' title='bbox 659 2217 724 2288; x_wconf 88' lang='lat' dir='ltr'><strong>Dei</strong></span> <span class='ocrx_word' id='word_1_159' title='bbox 744 2217 927 2314; x_wconf 74' lang='lat' dir='ltr'><strong>praeceptis</strong></span> <span class='ocrx_word' id='word_1_160' title='bbox 950 2236 1189 2313; x_wconf 82' lang='lat' dir='ltr'><strong>exaequentur,</strong></span> <span class='ocrx_word' id='word_1_161' title='bbox 1214 2239 1286 2286; x_wconf 78' lang='lat' dir='ltr'><strong>actu</strong></span> 
     </span>
     <span class='ocr_line' id='line_1_24' title="bbox 228 2302 1278 2398; baseline -0.009 -17"><span class='ocrx_word' id='word_1_162' title='bbox 228 2309 326 2381; x_wconf 88' lang='lat' dir='ltr'><strong>etiam</strong></span> <span class='ocrx_word' id='word_1_163' title='bbox 344 2304 412 2376; x_wconf 88' lang='lat' dir='ltr'><strong>illis</strong></span> <span class='ocrx_word' id='word_1_164' title='bbox 426 2302 526 2394; x_wconf 78' lang='lat' dir='ltr'><strong>longe</strong></span> <span class='ocrx_word' id='word_1_165' title='bbox 543 2319 797 2398; x_wconf 84' lang='lat' dir='ltr'><strong>praeponantur.</strong></span> <span class='ocrx_word' id='word_1_166' title='bbox 1098 2357 1105 2363; x_wconf 82' lang='grc'><em>.</em></span> <span class='ocrx_word' id='word_1_167' title='bbox 1273 2385 1278 2398; x_wconf 38' lang='grc'><strong>,</strong></span> 
     </span>
     <span class='ocr_line' id='line_1_25' title="bbox 231 2387 1286 2480; baseline -0.003 -22"><span class='ocrx_word' id='word_1_168' title='bbox 231 2431 234 2438; x_wconf 90' lang='lat'>·</span> <span class='ocrx_word' id='word_1_169' title='bbox 313 2387 525 2478; x_wconf 82' lang='lat' dir='ltr'><strong>Quinetiam</strong></span> <span class='ocrx_word' id='word_1_170' title='bbox 546 2387 709 2480; x_wconf 79' lang='lat' dir='ltr'><strong>ejusmodi</strong></span> <span class='ocrx_word' id='word_1_171' title='bbox 724 2388 826 2458; x_wconf 88' lang='lat' dir='ltr'><strong>intem</strong></span> <span class='ocrx_word' id='word_1_172' title='bbox 850 2387 951 2459; x_wconf 88' lang='lat' dir='ltr'><strong>estiva</strong></span> <span class='ocrx_word' id='word_1_173' title='bbox 970 2391 1118 2462; x_wconf 74' lang='lat' dir='ltr'><strong>motione</strong></span> <span class='ocrx_word' id='word_1_174' title='bbox 1135 2387 1178 2460; x_wconf 81' lang='lat' dir='ltr'><strong>in</strong></span> <span class='ocrx_word' id='word_1_175' title='bbox 1190 2403 1286 2461; x_wconf 76' lang='lat' dir='ltr'><strong>exunt</strong></span> 
     </span>
     <span class='ocr_line' id='line_1_26' title="bbox 152 2471 1286 2626; baseline 0 -79"><span class='ocrx_word' id='word_1_176' title='bbox 152 2471 163 2488; x_wconf 51' lang='lat'><strong>⁸</strong></span> <span class='ocrx_word' id='word_1_177' title='bbox 226 2477 295 2548; x_wconf 89' lang='lat' dir='ltr'><strong>illis</strong></span> <span class='ocrx_word' id='word_1_178' title='bbox 316 2475 415 2546; x_wconf 88' lang='lat' dir='ltr'><strong>rebus</strong></span> <span class='ocrx_word' id='word_1_179' title='bbox 440 2471 642 2571; x_wconf 43' lang='lat' dir='ltr'><strong>adiaphoris·</strong></span> <span class='ocrx_word' id='word_1_180' title='bbox 646 2473 725 2626; x_wconf 65' lang='lat' dir='ltr'><strong>1prbi</strong></span> <span class='ocrx_word' id='word_1_181' title='bbox 746 2497 788 2544; x_wconf 91' lang='lat' dir='ltr'><strong>no</strong></span> <span class='ocrx_word' id='word_1_182' title='bbox 837 2497 902 2570; x_wconf 33' lang='lat' dir='ltr'><strong>unno</strong></span> <span class='ocrx_word' id='word_1_183' title='bbox 920 2475 960 2543; x_wconf 88' lang='lat' dir='ltr'><strong>dc</strong></span> <span class='ocrx_word' id='word_1_184' title='bbox 985 2475 1138 2546; x_wconf 87' lang='lat' dir='ltr'><strong>doctriua</strong></span> <span class='ocrx_word' id='word_1_185' title='bbox 1161 2477 1228 2571; x_wconf 85' lang='lat' dir='ltr'><strong>ipsa</strong></span> <span class='ocrx_word' id='word_1_186' title='bbox 1242 2473 1286 2566; x_wconf 75' lang='lat' dir='ltr'><strong>pit</strong></span> 
     </span>
     <span class='ocr_line' id='line_1_27' title="bbox 169 2557 1286 2644; baseline -0.008 -13"><span class='ocrx_word' id='word_1_187' title='bbox 169 2621 173 2631; x_wconf 73' lang='grc'>,</span> <span class='ocrx_word' id='word_1_188' title='bbox 225 2583 402 2634; x_wconf 88' lang='lat' dir='ltr'><strong>consensus</strong></span> <span class='ocrx_word' id='word_1_189' title='bbox 420 2571 470 2628; x_wconf 86' lang='lat' dir='ltr'><strong>est</strong></span> <span class='ocrx_word' id='word_1_190' title='bbox 490 2557 610 2644; x_wconf 79' lang='lat' dir='ltr'><strong>factus)</strong></span> <span class='ocrx_word' id='word_1_191' title='bbox 632 2582 644 2625; x_wconf 90' lang='lat'>1</span> <span class='ocrx_word' id='word_1_192' title='bbox 669 2557 828 2628; x_wconf 87' lang='lat' dir='ltr'><strong>ololatrao</strong></span> <span class='ocrx_word' id='word_1_193' title='bbox 845 2559 880 2628; x_wconf 91' lang='lat' dir='ltr'><strong>in</strong></span> <span class='ocrx_word' id='word_1_194' title='bbox 903 2583 964 2630; x_wconf 87' lang='lat' dir='ltr'><strong>sua</strong></span> <span class='ocrx_word' id='word_1_195' title='bbox 982 2560 1186 2630; x_wconf 82' lang='lat' dir='ltr'><strong>idolomania</strong></span> <span class='ocrx_word' id='word_1_196' title='bbox 1205 2559 1286 2630; x_wconf 84' lang='lat' dir='ltr'><strong>conir-</strong></span> 
     </span>
     <span class='ocr_line' id='line_1_28' title="bbox 224 2641 1305 2737; baseline -0.006 -19"><span class='ocrx_word' id='word_1_197' title='bbox 224 2663 366 2719; x_wconf 85' lang='lat' dir='ltr'><strong>tnantur.</strong></span> <span class='ocrx_word' id='word_1_198' title='bbox 402 2645 541 2714; x_wconf 79' lang='lat' dir='ltr'><strong>&#39;Contra</strong></span> <span class='ocrx_word' id='word_1_199' title='bbox 563 2667 644 2712; x_wconf 79' lang='lat' dir='ltr'><strong>vcro</strong></span> <span class='ocrx_word' id='word_1_200' title='bbox 667 2641 742 2737; x_wconf 86' lang='lat' dir='ltr'><strong>piae</strong></span> <span class='ocrx_word' id='word_1_201' title='bbox 761 2659 909 2727; x_wconf 84' lang='lat' dir='ltr'><strong>mentes,</strong></span> <span class='ocrx_word' id='word_1_202' title='bbox 939 2660 973 2713; x_wconf 90' lang='lat' dir='ltr'><strong>et</strong></span> <span class='ocrx_word' id='word_1_203' title='bbox 994 2671 1071 2716; x_wconf 88' lang='lat' dir='ltr'><strong>vere</strong></span> <span class='ocrx_word' id='word_1_204' title='bbox 1100 2645 1139 2716; x_wconf 91' lang='lat' dir='ltr'><strong>iu</strong></span> <span class='ocrx_word' id='word_1_205' title='bbox 1160 2646 1305 2726; x_wconf 57' lang='lat' dir='ltr'><strong>Christum,</strong></span> 
     </span>
     <span class='ocr_line' id='line_1_29' title="bbox 138 2727 1305 2826; baseline -0.007 -23"><span class='ocrx_word' id='word_1_206' title='bbox 138 2755 141 2762; x_wconf 71' lang='grc'><strong>“</strong></span> <span class='ocrx_word' id='word_1_207' title='bbox 220 2734 403 2811; x_wconf 83' lang='lat' dir='ltr'><strong>eredentes,</strong></span> <span class='ocrx_word' id='word_1_208' title='bbox 419 2727 662 2826; x_wconf 73' lang='lat' dir='ltr'><strong>contristantur,</strong></span> <span class='ocrx_word' id='word_1_209' title='bbox 684 2727 929 2824; x_wconf 87' lang='lat' dir='ltr'><strong>perturbantur,</strong></span> <span class='ocrx_word' id='word_1_210' title='bbox 945 2729 1172 2816; x_wconf 79' lang='lat' dir='ltr'><strong>offenduntur,</strong></span> <span class='ocrx_word' id='word_1_211' title='bbox 1193 2747 1221 2800; x_wconf 92' lang='lat' dir='ltr'><strong>et</strong></span> <span class='ocrx_word' id='word_1_212' title='bbox 1232 2729 1305 2821; x_wconf 66' lang='lat' dir='ltr'><strong>ipsa-i</strong></span> 
     </span>
     <span class='ocr_line' id='line_1_30' title="bbox 223 2813 1305 2906; baseline -0.006 -19"><span class='ocrx_word' id='word_1_213' title='bbox 223 2843 298 2887; x_wconf 88' lang='lat' dir='ltr'><strong>rum</strong></span> <span class='ocrx_word' id='word_1_214' title='bbox 314 2816 404 2896; x_wconf 77' lang='lat' dir='ltr'><strong>lidos,</strong></span> <span class='ocrx_word' id='word_1_215' title='bbox 425 2836 520 2906; x_wconf 81' lang='lat' dir='ltr'><strong>quase</strong></span> <span class='ocrx_word' id='word_1_216' title='bbox 532 2813 633 2882; x_wconf 89' lang='lat' dir='ltr'><strong>ariete</strong></span> <span class='ocrx_word' id='word_1_217' title='bbox 673 2813 805 2896; x_wconf 79' lang='lat' dir='ltr'><strong>undant,</strong></span> <span class='ocrx_word' id='word_1_218' title='bbox 848 2813 966 2884; x_wconf 83' lang='lat' dir='ltr'><strong>rariter</strong></span> <span class='ocrx_word' id='word_1_219' title='bbox 985 2817 1174 2886; x_wconf 85' lang='lat' dir='ltr'><strong>concutitur</strong></span> <span class='ocrx_word' id='word_1_220' title='bbox 1191 2833 1220 2886; x_wconf 91' lang='lat' dir='ltr'><strong>et</strong></span> <span class='ocrx_word' id='word_1_221' title='bbox 1251 2835 1305 2880; x_wconf 59' lang='lat' dir='ltr'><strong>nen</strong></span> 
     </span>
     <span class='ocr_line' id='line_1_31' title="bbox 225 2837 1305 2997; baseline -0.003 -25"><span class='ocrx_word' id='word_1_222' title='bbox 225 2902 401 2972; x_wconf 84' lang='lat' dir='ltr'><strong>dammodo</strong></span> <span class='ocrx_word' id='word_1_223' title='bbox 417 2896 655 2996; x_wconf 47' lang='lat' dir='ltr'><strong>labefactatum·</strong></span> <span class='ocrx_word' id='word_1_224' title='bbox 693 2900 747 2967; x_wconf 90' lang='lat' dir='ltr'><strong>uic</strong></span> <span class='ocrx_word' id='word_1_225' title='bbox 764 2837 852 2974; x_wconf 60' lang='lat' dir='ltr'><strong>maist</strong></span> <span class='ocrx_word' id='word_1_226' title='bbox 877 2925 919 2974; x_wconf 79' lang='lat' dir='ltr'><strong>ue</strong></span> <span class='ocrx_word' id='word_1_227' title='bbox 938 2903 1149 2994; x_wconf 62' lang='lat' dir='ltr'><strong>sermionem</strong></span> <span class='ocrx_word' id='word_1_228' title='bbox 1172 2925 1239 2997; x_wconf 87' lang='lat' dir='ltr'><strong>prae</strong></span> <span class='ocrx_word' id='word_1_229' title='bbox 1304 2981 1305 2996; x_wconf 21' lang='lat' dir='ltr'><strong>p</strong></span> 
     </span>
     <span class='ocr_line' id='line_1_32' title="bbox 222 2983 1305 3081; baseline 0.002 -23"><span class='ocrx_word' id='word_1_230' title='bbox 222 3009 317 3070; x_wconf 86' lang='lat' dir='ltr'><strong>mus,</strong></span> <span class='ocrx_word' id='word_1_231' title='bbox 342 3008 472 3056; x_wconf 88' lang='lat' dir='ltr'><strong>summo</strong></span> <span class='ocrx_word' id='word_1_232' title='bbox 486 2983 658 3081; x_wconf 26' lang='lat' dir='ltr'><strong>stndtotlse</strong></span> <span class='ocrx_word' id='word_1_233' title='bbox 674 2983 776 3053; x_wconf 80' lang='lat' dir='ltr'><strong>modo·</strong></span> <span class='ocrx_word' id='word_1_234' title='bbox 789 3001 920 3054; x_wconf 83' lang='lat' dir='ltr'><strong>aeterna</strong></span> <span class='ocrx_word' id='word_1_235' title='bbox 934 2983 1022 3054; x_wconf 86' lang='lat' dir='ltr'><strong>salus</strong></span> <span class='ocrx_word' id='word_1_236' title='bbox 1038 2987 1138 3057; x_wconf 86' lang='lat' dir='ltr'><strong>nobis</strong></span> <span class='ocrx_word' id='word_1_237' title='bbox 1158 2985 1237 3058; x_wconf 84' lang='lat' dir='ltr'><strong>cordi</strong></span> <span class='ocrx_word' id='word_1_238' title='bbox 1249 2985 1284 3060; x_wconf 79' lang='lat' dir='ltr'><strong>u)</strong></span> <span class='ocrx_word' id='word_1_239' title='bbox 1304 3002 1305 3062; x_wconf 71' lang='lat' dir='ltr'><strong>l</strong></span> 
     </span>
     <span class='ocr_line' id='line_1_33' title="bbox 222 3067 1305 3146; baseline -0.001 -9"><span class='ocrx_word' id='word_1_240' title='bbox 222 3097 334 3146; x_wconf 79' lang='lat' dir='ltr'><strong>carere</strong></span> <span class='ocrx_word' id='word_1_241' title='bbox 359 3071 535 3141; x_wconf 76' lang='lat' dir='ltr'><strong>debemus..</strong></span> <span class='ocrx_word' id='word_1_242' title='bbox 576 3071 633 3136; x_wconf 83' lang='lat' dir='ltr'><strong>Sec</strong></span> <span class='ocrx_word' id='word_1_243' title='bbox 655 3069 743 3137; x_wconf 88' lang='lat' dir='ltr'><strong>enim</strong></span> <span class='ocrx_word' id='word_1_244' title='bbox 771 3070 924 3140; x_wconf 85' lang='lat' dir='ltr'><strong>Christus</strong></span> <span class='ocrx_word' id='word_1_245' title='bbox 943 3068 1039 3140; x_wconf 79' lang='lat' dir='ltr'><strong>uicit:</strong></span> <span class='ocrx_word' id='word_1_246' title='bbox 1076 3073 1153 3142; x_wconf 82' lang='lat' dir='ltr'><strong>Vae</strong></span> <span class='ocrx_word' id='word_1_247' title='bbox 1174 3067 1305 3142; x_wconf 82' lang='lat' dir='ltr'><strong>muudotl</strong></span> 
     </span>
     <span class='ocr_line' id='line_1_34' title="bbox 222 3139 1305 3250; baseline -0.006 -22"><span class='ocrx_word' id='word_1_248' title='bbox 222 3153 400 3228; x_wconf 86' lang='lat' dir='ltr'><strong>scandalis!</strong></span> <span class='ocrx_word' id='word_1_249' title='bbox 443 3157 489 3222; x_wconf 87' lang='lat' dir='ltr'><strong>Et</strong></span> <span class='ocrx_word' id='word_1_250' title='bbox 504 3141 645 3222; x_wconf 80' lang='lat' dir='ltr'><strong>ibidem:</strong></span> <span class='ocrx_word' id='word_1_251' title='bbox 673 3152 743 3240; x_wconf 88' lang='lat' dir='ltr'><strong>Qui</strong></span> <span class='ocrx_word' id='word_1_252' title='bbox 757 3151 1025 3226; x_wconf 81' lang='lat' dir='ltr'><strong>scandalizaverit</strong></span> <span class='ocrx_word' id='word_1_253' title='bbox 1038 3180 1146 3226; x_wconf 87' lang='lat' dir='ltr'><strong>unum</strong></span> <span class='ocrx_word' id='word_1_254' title='bbox 1162 3157 1200 3228; x_wconf 85' lang='lat' dir='ltr'><strong>de</strong></span> <span class='ocrx_word' id='word_1_255' title='bbox 1213 3151 1283 3250; x_wconf 78' lang='lat' dir='ltr'><strong>petil</strong></span> <span class='ocrx_word' id='word_1_256' title='bbox 1304 3139 1305 3219; x_wconf 90' lang='lat' dir='ltr'><strong>l</strong></span> 
     </span>
     <span class='ocr_line' id='line_1_35' title="bbox 151 3237 1283 3338; baseline -0.007 -27"><span class='ocrx_word' id='word_1_257' title='bbox 151 3281 153 3286; x_wconf 83' lang='lat'><em>.</em></span> <span class='ocrx_word' id='word_1_258' title='bbox 222 3243 263 3314; x_wconf 89' lang='lat' dir='ltr'><strong>lis</strong></span> <span class='ocrx_word' id='word_1_259' title='bbox 280 3243 372 3324; x_wconf 88' lang='lat' dir='ltr'><strong>istis,</strong></span> <span class='ocrx_word' id='word_1_260' title='bbox 402 3237 518 3334; x_wconf 84' lang='lat' dir='ltr'><strong>quiin</strong></span> <span class='ocrx_word' id='word_1_261' title='bbox 541 3263 593 3306; x_wconf 86' lang='lat' dir='ltr'><strong>me</strong></span> <span class='ocrx_word' id='word_1_262' title='bbox 608 3237 759 3321; x_wconf 87' lang='lat' dir='ltr'><strong>credunt,</strong></span> <span class='ocrx_word' id='word_1_263' title='bbox 787 3240 953 3333; x_wconf 82' lang='lat' dir='ltr'><strong>expediret</strong></span> <span class='ocrx_word' id='word_1_264' title='bbox 974 3238 1023 3321; x_wconf 88' lang='lat' dir='ltr'><strong>ei,</strong></span> <span class='ocrx_word' id='word_1_265' title='bbox 1052 3257 1090 3310; x_wconf 88' lang='lat' dir='ltr'><strong>ut</strong></span> <span class='ocrx_word' id='word_1_266' title='bbox 1107 3241 1283 3338; x_wconf 84' lang='lat' dir='ltr'><strong>suspendere</strong></span> 
     </span>
     <span class='ocr_line' id='line_1_36' title="bbox 220 3321 1283 3420; baseline -0.006 -23"><span class='ocrx_word' id='word_1_267' title='bbox 220 3344 277 3398; x_wconf 88' lang='lat' dir='ltr'><strong>tur</strong></span> <span class='ocrx_word' id='word_1_268' title='bbox 290 3327 379 3397; x_wconf 88' lang='lat' dir='ltr'><strong>mola</strong></span> <span class='ocrx_word' id='word_1_269' title='bbox 395 3321 539 3394; x_wconf 88' lang='lat' dir='ltr'><strong>asinaria</strong></span> <span class='ocrx_word' id='word_1_270' title='bbox 553 3323 590 3390; x_wconf 90' lang='lat' dir='ltr'><strong>in·</strong></span> <span class='ocrx_word' id='word_1_271' title='bbox 600 3322 687 3394; x_wconf 88' lang='lat' dir='ltr'><strong>collo</strong></span> <span class='ocrx_word' id='word_1_272' title='bbox 702 3328 789 3417; x_wconf 83' lang='lat' dir='ltr'><strong>ejus,</strong></span> <span class='ocrx_word' id='word_1_273' title='bbox 819 3341 852 3394; x_wconf 91' lang='lat' dir='ltr'><strong>et</strong></span> <span class='ocrx_word' id='word_1_274' title='bbox 871 3325 982 3394; x_wconf 87' lang='lat' dir='ltr'><strong>demer</strong></span> <span class='ocrx_word' id='word_1_275' title='bbox 1004 3327 1167 3398; x_wconf 77' lang='lat' dir='ltr'><strong>creturin</strong></span> <span class='ocrx_word' id='word_1_276' title='bbox 1182 3326 1283 3420; x_wconf 78' lang='lat' dir='ltr'><strong>proter·</strong></span> 
     </span>
     <span class='ocr_line' id='line_1_37' title="bbox 221 3351 1282 3508; baseline -0.011 -24"><span class='ocrx_word' id='word_1_277' title='bbox 221 3415 299 3484; x_wconf 85' lang='lat' dir='ltr'><strong>dnm</strong></span> <span class='ocrx_word' id='word_1_278' title='bbox 315 3407 427 3482; x_wconf 88' lang='lat' dir='ltr'><strong>maris.</strong></span> <span class='ocrx_word' id='word_1_279' title='bbox 470 3407 624 3508; x_wconf 74' lang='lat' dir='ltr'><strong>Inprimis</strong></span> <span class='ocrx_word' id='word_1_280' title='bbox 643 3433 730 3482; x_wconf 80' lang='lat' dir='ltr'><strong>vero.</strong></span> <span class='ocrx_word' id='word_1_281' title='bbox 745 3409 807 3480; x_wconf 89' lang='lat' dir='ltr'><strong>boc</strong></span> <span class='ocrx_word' id='word_1_282' title='bbox 828 3351 1100 3481; x_wconf 43' lang='lat' dir='ltr'><strong>Christirdictnm</strong></span> <span class='ocrx_word' id='word_1_283' title='bbox 1126 3412 1193 3482; x_wconf 85' lang='lat' dir='ltr'><strong>alta</strong></span> <span class='ocrx_word' id='word_1_284' title='bbox 1213 3421 1282 3480; x_wconf 86' lang='lat' dir='ltr'><strong>mente</strong></span> 
     </span>
     <span class='ocr_line' id='line_1_38' title="bbox 221 3493 1281 3646; baseline 0 -78"><span class='ocrx_word' id='word_1_285' title='bbox 221 3495 518 3592; x_wconf 80' lang='lat' dir='ltr'><strong>estrepouendunt:</strong></span> <span class='ocrx_word' id='word_1_286' title='bbox 548 3496 619 3646; x_wconf 52' lang='lat' dir='ltr'><strong>(pue</strong></span> <span class='ocrx_word' id='word_1_287' title='bbox 634 3517 686 3562; x_wconf 91' lang='lat' dir='ltr'><strong>me</strong></span> <span class='ocrx_word' id='word_1_288' title='bbox 698 3495 865 3564; x_wconf 84' lang='lat' dir='ltr'><strong>confessus</strong></span> <span class='ocrx_word' id='word_1_289' title='bbox 878 3493 980 3567; x_wconf 80' lang='lat' dir='ltr'><strong>luerit</strong></span> <span class='ocrx_word' id='word_1_290' title='bbox 991 3521 1104 3566; x_wconf 88' lang='lat' dir='ltr'><strong>coram</strong></span> <span class='ocrx_word' id='word_1_291' title='bbox 1119 3493 1281 3568; x_wconf 75' lang='lat' dir='ltr'><strong>hominurn</strong></span> 
     </span>
     <span class='ocr_line' id='line_1_39' title="bbox 220 3576 1158 3670; baseline -0.001 -17"><span class='ocrx_word' id='word_1_292' title='bbox 220 3607 296 3654; x_wconf 81' lang='lat' dir='ltr'><strong>eune</strong></span> <span class='ocrx_word' id='word_1_293' title='bbox 308 3581 410 3650; x_wconf 63' lang='lat' dir='ltr'><strong>‘etiarn</strong></span> <span class='ocrx_word' id='word_1_294' title='bbox 423 3605 485 3670; x_wconf 79' lang='lat' dir='ltr'><strong>ego</strong></span> <span class='ocrx_word' id='word_1_295' title='bbox 498 3603 558 3648; x_wconf 92' lang='lat' dir='ltr'><strong>con</strong></span> <span class='ocrx_word' id='word_1_296' title='bbox 584 3577 675 3647; x_wconf 90' lang='lat' dir='ltr'><strong>tebor</strong></span> <span class='ocrx_word' id='word_1_297' title='bbox 687 3603 803 3657; x_wconf 83' lang='lat' dir='ltr'><strong>coram</strong></span> <span class='ocrx_word' id='word_1_298' title='bbox 812 3583 911 3650; x_wconf 86' lang='lat' dir='ltr'><strong>Patre</strong></span> <span class='ocrx_word' id='word_1_299' title='bbox 923 3603 997 3648; x_wconf 85' lang='lat' dir='ltr'><strong>meo</strong></span> <span class='ocrx_word' id='word_1_300' title='bbox 1014 3576 1158 3652; x_wconf 87' lang='lat' dir='ltr'><strong>coelesti.</strong></span> 
     </span>
     <span class='ocr_line' id='line_1_40' title="bbox 179 3663 1304 3766; baseline 0.001 -30"><span class='ocrx_word' id='word_1_301' title='bbox 179 3745 189 3759; x_wconf 46' lang='grc'>,</span> <span class='ocrx_word' id='word_1_302' title='bbox 306 3669 351 3736; x_wconf 88' lang='lat' dir='ltr'><strong>Et</strong></span> <span class='ocrx_word' id='word_1_303' title='bbox 362 3689 456 3758; x_wconf 89' lang='lat' dir='ltr'><strong>sanc,</strong></span> <span class='ocrx_word' id='word_1_304' title='bbox 479 3664 571 3766; x_wconf 83' lang='lat' dir='ltr'><strong>quod</strong></span> <span class='ocrx_word' id='word_1_305' title='bbox 586 3663 665 3732; x_wconf 91' lang='lat' dir='ltr'><strong>hacc</strong></span> <span class='ocrx_word' id='word_1_306' title='bbox 677 3688 808 3758; x_wconf 82' lang='lat' dir='ltr'><strong>semper</strong></span> <span class='ocrx_word' id='word_1_307' title='bbox 817 3664 918 3734; x_wconf 84' lang='lat' dir='ltr'><strong>fuerit</strong></span> <span class='ocrx_word' id='word_1_308' title='bbox 931 3664 1226 3737; x_wconf 78' lang='lat' dir='ltr'><strong>clarissimorumh</strong></span> <span class='ocrx_word' id='word_1_309' title='bbox 1303 3729 1304 3736; x_wconf 70' lang='grc'>,</span> 
     </span>
     <span class='ocr_line' id='line_1_41' title="bbox 220 3747 1279 3839; baseline -0.003 -16"><span class='ocrx_word' id='word_1_310' title='bbox 220 3753 331 3823; x_wconf 83' lang='lat' dir='ltr'><strong>stanae</strong></span> <span class='ocrx_word' id='word_1_311' title='bbox 349 3748 574 3819; x_wconf 80' lang='lat' dir='ltr'><strong>Confesstonis</strong></span> <span class='ocrx_word' id='word_1_312' title='bbox 588 3747 834 3839; x_wconf 81' lang='lat' dir='ltr'><strong>&#39;theologorum</strong></span> <span class='ocrx_word' id='word_1_313' title='bbox 850 3752 929 3820; x_wconf 85' lang='lat' dir='ltr'><strong>tides</strong></span> <span class='ocrx_word' id='word_1_314' title='bbox 944 3765 976 3816; x_wconf 89' lang='lat' dir='ltr'><strong>et</strong></span> <span class='ocrx_word' id='word_1_315' title='bbox 986 3751 1153 3822; x_wconf 76' lang='lat' dir='ltr'><strong>&#39;confessio</strong></span> <span class='ocrx_word' id='word_1_316' title='bbox 1168 3755 1204 3822; x_wconf 87' lang='lat' dir='ltr'><strong>da</strong></span> <span class='ocrx_word' id='word_1_317' title='bbox 1216 3777 1242 3820; x_wconf 87' lang='lat' dir='ltr'><strong>re</strong></span> <span class='ocrx_word' id='word_1_318' title='bbox 1258 3765 1279 3810; x_wconf 79' lang='lat'><strong>1¹⁵</strong></span> 
     </span>
     <span class='ocr_line' id='line_1_42' title="bbox 186 3833 1280 3931; baseline -0.007 -23"><span class='ocrx_word' id='word_1_319' title='bbox 186 3891 191 3908; x_wconf 88' lang='lat'><strong><em>.</em></strong></span> <span class='ocrx_word' id='word_1_320' title='bbox 219 3833 430 3931; x_wconf 85' lang='lat' dir='ltr'><strong>adiaphoris,</strong></span> <span class='ocrx_word' id='word_1_321' title='bbox 456 3841 571 3928; x_wconf 89' lang='lat' dir='ltr'><strong>(quam</strong></span> <span class='ocrx_word' id='word_1_322' title='bbox 589 3847 620 3902; x_wconf 91' lang='lat' dir='ltr'><strong>et</strong></span> <span class='ocrx_word' id='word_1_323' title='bbox 635 3857 695 3902; x_wconf 87' lang='lat' dir='ltr'><strong>nos</strong></span> <span class='ocrx_word' id='word_1_324' title='bbox 712 3837 859 3928; x_wconf 86' lang='lat' dir='ltr'><strong>ipsorum</strong></span> <span class='ocrx_word' id='word_1_325' title='bbox 876 3833 1217 3926; x_wconf 74' lang='lat' dir='ltr'><strong>vestigiis&#39;insistentes</strong></span> <span class='ocrx_word' id='word_1_326' title='bbox 1229 3857 1280 3930; x_wconf 84' lang='lat' dir='ltr'><strong>pre</strong></span> 
     </span>
     <span class='ocr_line' id='line_1_43' title="bbox 187 3918 1279 4016; baseline -0.003 -30"><span class='ocrx_word' id='word_1_327' title='bbox 187 3980 190 3986; x_wconf 93' lang='grc'><em>,</em></span> <span class='ocrx_word' id='word_1_328' title='bbox 219 3921 367 4004; x_wconf 79' lang='lat' dir='ltr'><strong>litentur,</strong></span> <span class='ocrx_word' id='word_1_329' title='bbox 397 3935 429 3986; x_wconf 88' lang='lat' dir='ltr'><strong>et</strong></span> <span class='ocrx_word' id='word_1_330' title='bbox 444 3918 478 3988; x_wconf 93' lang='lat' dir='ltr'><strong>in</strong></span> <span class='ocrx_word' id='word_1_331' title='bbox 498 3931 537 3986; x_wconf 81' lang='lat' dir='ltr'><strong>ea</strong></span> <span class='ocrx_word' id='word_1_332' title='bbox 554 3924 756 4001; x_wconf 85' lang='lat' dir='ltr'><strong>constanter,</strong></span> <span class='ocrx_word' id='word_1_333' title='bbox 783 3919 919 4014; x_wconf 81' lang='lat' dir='ltr'><strong>pcrltci</strong></span> <span class='ocrx_word' id='word_1_334' title='bbox 943 3920 1097 4016; x_wconf 67' lang='lat' dir='ltr'><strong>gratiam,</strong></span> <span class='ocrx_word' id='word_1_335' title='bbox 1130 3937 1279 4016; x_wconf 83' lang='lat' dir='ltr'><strong>permanen</strong></span> 
     </span>
     <span class='ocr_line' id='line_1_44' title="bbox 220 4000 1278 4102; baseline -0.007 -28"><span class='ocrx_word' id='word_1_336' title='bbox 220 4003 408 4102; x_wconf 81' lang='lat' dir='ltr'><strong>cupimus,)</strong></span> <span class='ocrx_word' id='word_1_337' title='bbox 431 4002 464 4072; x_wconf 89' lang='lat' dir='ltr'><strong>id</strong></span> <span class='ocrx_word' id='word_1_338' title='bbox 480 4000 694 4102; x_wconf 76' lang='lat' dir='ltr'><strong>liquidissime</strong></span> <span class='ocrx_word' id='word_1_339' title='bbox 710 4004 904 4102; x_wconf 77' lang='lat' dir='ltr'><strong>testimonia,</strong></span> <span class='ocrx_word' id='word_1_340' title='bbox 924 4029 1008 4078; x_wconf 79' lang='lat' dir='ltr'><strong>atrae</strong></span> <span class='ocrx_word' id='word_1_341' title='bbox 1022 4005 1229 4086; x_wconf 82' lang='lat' dir='ltr'><strong>recitabimus,</strong></span> <span class='ocrx_word' id='word_1_342' title='bbox 1242 4003 1278 4069; x_wconf 73' lang='lat' dir='ltr'><strong>de</strong></span> 
     </span>
     <span class='ocr_line' id='line_1_45' title="bbox 188 4087 1276 4170; baseline -0.002 -8"><span class='ocrx_word' id='word_1_343' title='bbox 188 4117 198 4137; x_wconf 56' lang='lat'>⁰</span> <span class='ocrx_word' id='word_1_344' title='bbox 212 4091 458 4164; x_wconf 72' lang='lat' dir='ltr'><strong>&#39;monstrabunt</strong></span> <span class='ocrx_word' id='word_1_345' title='bbox 491 4088 817 4170; x_wconf 82' lang='lat' dir='ltr'><strong>EamSmalculdtcis</strong></span> <span class='ocrx_word' id='word_1_346' title='bbox 827 4089 929 4159; x_wconf 85' lang='lat' dir='ltr'><strong>artico</strong></span> <span class='ocrx_word' id='word_1_347' title='bbox 944 4093 971 4158; x_wconf 87' lang='lat' dir='ltr'><strong>is</strong></span> <span class='ocrx_word' id='word_1_348' title='bbox 987 4087 1276 4164; x_wconf 79' lang='lat' dir='ltr'><strong>annoutoxxxt&#39;l·</strong></span> 
     </span>
     <span class='ocr_line' id='line_1_46' title="bbox 219 4172 1303 4284; baseline -0.002 -38"><span class='ocrx_word' id='word_1_349' title='bbox 219 4177 428 4268; x_wconf 77' lang='lat' dir='ltr'><strong>consignata,</strong></span> <span class='ocrx_word' id='word_1_350' title='bbox 459 4189 523 4245; x_wconf 86' lang='lat' dir='ltr'><strong>cta</strong></span> <span class='ocrx_word' id='word_1_351' title='bbox 543 4173 729 4282; x_wconf 85' lang='lat' dir='ltr'><strong>praecipuis</strong></span> <span class='ocrx_word' id='word_1_352' title='bbox 745 4173 923 4268; x_wconf 75' lang='lat' dir='ltr'><strong>&#39;l&#39;lneologis</strong></span> <span class='ocrx_word' id='word_1_353' title='bbox 945 4175 1181 4272; x_wconf 83' lang='lat' dir='ltr'><strong>subscriptione</strong></span> <span class='ocrx_word' id='word_1_354' title='bbox 1194 4172 1275 4250; x_wconf 68' lang='lat' dir='ltr'><strong>mult*</strong></span> <span class='ocrx_word' id='word_1_355' title='bbox 1302 4219 1303 4284; x_wconf 67' lang='lat' dir='ltr'><strong>t</strong></span> 
     </span>
     <span class='ocr_line' id='line_1_47' title="bbox 219 4276 492 4350; baseline -0.004 -16"><span class='ocrx_word' id='word_1_356' title='bbox 219 4277 308 4346; x_wconf 73' lang='lat' dir='ltr'><strong>mate</strong></span> <span class='ocrx_word' id='word_1_357' title='bbox 323 4276 411 4334; x_wconf 80' lang='lat' dir='ltr'><strong>sunt</strong></span> <span class='ocrx_word' id='word_1_358' title='bbox 486 4341 492 4350; x_wconf 59' lang='grc'>,</span> 
     </span>
    </p>
   </div>
   <div class='ocr_carea' id='block_1_4' title="bbox 0 0 1334 4892">
    <p class='ocr_par' dir='ltr' id='par_1_4' title="bbox 0 0 1334 4892">
     <span class='ocr_line' id='line_1_48' title="bbox 0 0 1334 4892; baseline 0 3"><span class='ocrx_word' id='word_1_359' title='bbox 0 0 1334 4892; x_wconf 95' lang='lat' dir='ltr'><strong> </strong></span> 
     </span>
    </p>
   </div>
  </div>
 </body>
</html>
