2610 4892
755 219 758 226 .
864 211 869 244 ι

223 347 303 437 dno
385 359 387 364 '
459 349 466 400 ἶ
536 315 819 454 ι(ἶιιῒιιοῐιίιιιιιιε
834 343 968 442 mojor-
1018 313 1085 378 ³¹·

230 524 317 606 trabi
331 546 400 619 xnos
420 515 609 618 patiamur,
636 539 673 596 ut
689 521 899 618 Baptismum
918 529 987 592 iton
1008 519 1138 592 nudum
1157 537 1187 591 et
1205 518 1282 590 solun

225 613 362 704 pignum
383 634 452 700 esse
467 609 658 710 ,medamum
696 607 974 704 quemadmodum
996 607 1099 677 nostri
1126 606 1284 702 spermologi

229 723 288 768 seu
305 693 707 768 Schwermerisomniant.
741 751 743 760 ι
944 699 962 735 ,¹
1013 751 1015 758 ,

237 861 243 872 ,
315 779 479 862 Ultimo,i
498 802 606 871 neque
625 775 714 867 illiidj
731 777 1002 872 praetereundum
1025 792 1084 848 aut
1112 773 1285 865 ignorandum

43 915 48 932 .
93 919 100 928 .
133 870 136 876 ’
219 882 293 949 est,
317 858 816 960 quidBaptismosignihcetur,
837 862 1159 958 tumquautobrem
1171 863 1285 926 Drusu-

105 972 109 984 ‘
235 948 321 1020 libus
336 948 473 1021 externis
486 945 591 1039 signis
607 962 641 1015 et
656 947 802 1038 gestibus
816 939 880 1019 boe
893 953 1144 1018 Sacramentum
1156 939 1284 1013 celebrari·

234 1029 321 1116 diim
333 1031 524 1116 instituerit,
554 1056 615 1125 per
634 1033 726 1124 quod
740 1035 885 1126 primum
902 1033 941 1100 in
952 1031 1212 1105 Christianorum
1227 1051 1285 1094 cen·

223 1117 421 1188 'munionem
436 1132 639 1212 coaptamur.
679 1121 777 1210 Opus
791 1143 869 1188 vero
883 1134 941 1186 aut
954 1133 1063 1208 gestus
1072 1132 1142 1198 est,
1165 1111 1239 1200 quod
1250 1111 1285 1176 la·

166 1237 167 1246 *
233 1198 379 1300 ptinendi
394 1203 430 1270 in
443 1213 563 1304 aquam
577 1201 777 1290 mergimur,
800 1221 866 1296 qua
889 1227 1026 1296 prorsus
1053 1199 1256 1298 contegimur,
1270 1209 1286 1260 rt

201 1305 206 1316 ·
234 1305 346 1383 postea
360 1285 459 1357 mersi
476 1303 594 1354 iterum
611 1283 816 1362 extrabirnur.
859 1289 1030 1357 Haeduae
1052 1309 1124 1374 res,
1153 1305 1187 1350 in
1207 1303 1285 1374 aquen

150 1435 160 1460 ,-
235 1400 306 1442 mer
330 1369 341 1438 i
371 1388 403 1446 et
425 1371 545 1440 iterum
565 1395 747 1462 emergere,
776 1373 930 1442 virtutem
952 1381 1086 1472 etopus
1103 1363 1287 1464 Baptisnisp·

169 1479 172 1486 ·
219 1517 224 1526 .
281 1457 290 1524 i
316 1473 514 1548 cant,quae
528 1481 595 1524 non
612 1471 687 1524 sunt
703 1455 788 1536 alia,
815 1481 913 1550 qnam
931 1471 1049 1525 veteris
1073 1452 1193 1524 Adanii
1208 1465 1285 1518 moiti-

226 1483 369 1622 diario„
384 1555 422 1608 et-
432 1557 543 1634 postea
567 1538 644 1638 n'pvi
665 1537 811 1638 bominis
830 1539 1036 1626 resurrectio.¹
1076 1538 1286 1634 ⁴Quaeduoptt

235 1625 470 1697 omnemritam
485 1624 580 1694 nobis
594 1623 1000 1702 indesinenterexercenda
1018 1641 1100 1704 sunt,
1118 1623 1162 1696 ita
1180 1639 1212 1690 iit
1225 1617 1288 1687 Chn-

235 1708 334 1782 stiani
346 1697 514 1800 vitassnlhil
533 1706 626 1778 alind
640 1707 698 1791 sit,
720 1733 819 1802 quam
834 1709 1045 1803 quotidianus
1061 1707 1196 1802 qnidam
1210 1699 1288 1796 Bapti-

123 1825 125 1832 ·
222 1819 324 1870 ,smus
346 1791 449 1892 semel
463 1792 598 1884 quidem
623 1790 792 1886 inceptus,
806 1796 879 1864 ·sed
901 1791 962 1892 qui
979 1819 1115 1887 semper
1141 1789 1289 1880 exercendis

235 1879 286 1948 sit.
319 1884 379 1963 ¹lta
399 1901 484 1955 enim
509 1879 579 1946 lieri
599 1899 728 1948 necesse
750 1894 816 1958 est,
845 1895 883 1948 ut
903 1879 1042 1948 subinde
1066 1875 1190 1948 veteris
1211 1875 1288 1942 Adam

176 2024 180 2032 .
235 1963 346 2034 sordes
361 1965 579 2056 repurgentur
592 1978 690 2056 atque
705 1960 871 2052 eluantur,
894 1980 931 2032 ut
946 1963 1025 2034 nori
1038 1962 1186 2038 bominis
1202 1959 1290 2026 nitorrl

233 2048 342 2118 forma
354 2047 502 2141 prodeat.
547 2043 637 2132 Quid
652 2063 761 2116 autem
778 2064 827 2116 est
840 2065 931 2117 vetus
946 2047 1070 2126 honio?
1091 2049 1159 2116 hoc
1178 2043 1289 2114 nimiiiiu

164 2201 167 2212 ,
234 2148 300 2213 est,
321 2131 409 2224 quod
422 2131 462 2200 ab
477 2129 604 2198 Adamo
619 2147 712 2224 patre
726 2145 837 2200 nostro
855 2133 952 2204 nobis
970 2131 1178 2201 successione
1192 2127 1290 2222 nitallffl

234 2215 449 2285 haereditaria
465 2212 615 2284 innatum
631 2226 687 2298 est,
707 2216 832 2286 scilicet
844 2219 932 2309 qood
949 2243 1062 2288 sumus
1076 2211 1238 2292 iracundi,
1255 2233 1290 2302 ¹ffl5

234 2301 347 2383 mites,
369 2293 492 2381 invidi,
515 2299 691 2383 luxuriosi,
714 2299 830 2385 arari,
850 2297 957 2396 pigri,
979 2299 1128 2404 superbi,
1164 2291 1285 2380 increduli

232 2384 390 2466 breviter,
421 2381 572 2452 omnibus
593 2384 680 2453 vitiis
705 2387 932 2469 contaminati,
955 2403 987 2455 et
1009 2411 1044 2454 in
1088 2385 1189 2454 nibus
1214 2397 1280 2474 natu⁸

123 2477 125 2488 ⁴
233 2465 319 2538 nihil
337 2469 417 2538 boni
433 2468 524 2538 inest.
567 2471 644 2548 Jam
659 2466 695 2538 in
722 2469 848 2540 Christi
869 2497 903 2538 re
928 2469 1007 2540 niini
1027 2412 1151 2554 deitati,
1180 2467 1253 2538 bisce

234 2553 287 2623 tiis
303 2552 450 2646 quotidie
463 2554 712 2651 decrescentium
728 2569 791 2652 est,
814 2573 852 2624 ut-
865 2497 1004 2626 subinde
1017 2553 1122 2644 magis
1136 2571 1233 2648 atque
1249 2569 1282 2615 nt

233 2638 283 2728 gis
299 2637 458 2719 mitiores,
479 2636 694 2721 liberaliores,
712 2639 936 2732 patientiores,
957 2637 1195 2708 mansuetiores
1203 2639 1290 2706 tainu

234 2745 366 2822 semper·
381 2719 505 2813 aliquid
526 2721 703 2805 avaritiae,
726 2724 820 2808 odio,
842 2719 1061 2809 invidentiae,
1085 2723 1250 2818 superbiae
1263 2733 1283 2784 il

234 2831 298 2901 que
312 2807 347 2876 id
361 2830 464 2895 genus
477 2803 564 2874 vitiis
578 2805 792 2878 detrahentes.
901 2855 907 2890 ,·
1029 2885 1034 2894 ,

201 2974 207 2982 .
317 2895 362 2960 Et
372 2885 425 2959 bic
438 2906 487 2960 est
500 2907 605 2960 rectus
618 2893 779 2984 Baptismi
800 2893 989 2965 ususinter
1014 2893 1238 2972 Christianos,
1259 2913 1273 2978 p

231 2999 336 3070 aquae
349 2975 545 3044 mersionem
560 2973 768 3064 significatus.
813 2980 988 3048 Caeterum
1011 2979 1068 3060 ulii
1088 2974 1245 3075 'Baptismi
1260 2995 1282 3038 tt

233 3061 382 3130 ercitibni
397 3084 463 3128 non
477 3057 582 3150 viget,
606 3061 666 3130 sed'
677 3061 805 3132 Adamo
820 3061 921 3134 reteri
938 3061 1084 3134 habenae
1100 3063 1283 3150 laxantem}

231 3144 269 3212 in
286 3145 355 3213 dies
370 3145 426 3214 fiat
438 3143 596 3226 ferocior,
619 3143 684 3215 hoo
703 3171 770 3216 non
785 3145 904 3218 dicitur
926 3148 975 3218 uti
988 3147 1179 3243 Baptismo,
1202 3147 1250 3216 sed
1261 3165 1290 3207 tt·

184 3293 186 3298 ,
231 3229 307 3306 dom
318 3227 480 3298 reluctari.
517 3229 594 3316 ‘Qui
609 3230 696 3300 enim
711 3248 799 3322 extra
809 3229 986 3318 Christum
1001 3251 1088 3315 sunt,
1109 3259 1176 3304 non
1191 3247 1283 3327 possut

169 3363 171 3370 ι
230 3337 299 3384 non
313 3312 459 3410 quotidie
473 3313 617 3414 inpejus
631 3315 833 3404 degenerare,
856 3317 938 3411 sicut
952 3336 983 3388 et
998 3317 1130 3408 vulgato
1146 3341 1243 3410 eoque
1255 3335 1290 3406 ge

229 3423 273 3494 rol
286 3397 604 3490 dicetur'prorerbio:
626 3405 800 3505 Nunquam
816 3428 885 3472 non
899 3404 1094 3485 deteriores,
1126 3427 1190 3496 qiio
1210 3417 1289 3469 sento

229 3505 299 3563 res,
336 3506 375 3550 eo
390 3483 518 3574 pejores
541 3485 746 3584 (immerge,
762 3490 909 3574 Iiinger,
936 3485 963 3556 'a
989 3497 1113 3576 t'rger,
1136 3489 1176 3577 je
1197 3488 1282 3550 bdrro

232 3565 334 3652 Quod
349 3563 379 3634 si
392 3571 466 3658 quis
484 3592 570 3638 anno
591 3581 762 3662 superiore
785 3512 941 3642 nonnihil
957 3575 1064 3663 coepit
1087 3569 1172 3643 fasce
1192 3567 1290 3638 insolr·

93 3705 95 3712 .
229 3675 327 3748 scere,
352 3667 384 3718 et
399 3649 778 3749 adremattentusess'e3
801 3655 1036 3738 illomoiranno
1052 3682 1086 3725 se
1115 3661 1203 3726 u‘ente
1213 3647 1269 3720 mul

140 3749 145 3764 '
210 3735 265 3833 'fit
279 3734 487 3817 insolentior,
506 3738 593 3805 etad
608 3765 676 3810 rem
694 3739 860 3824 attentior,
871 3733 925 3809 ‘ita
941 3757 978 3810 nt
988 3738 1067 3818 vitia
1139 3735 1290 3810 incunabu-

120 3877 123 3882 ι
210 3818 269 3889 ·hs
287 3844 361 3888 curn
377 3845 416 3907 eo
434 3819 527 3888 certis
541 3821 736 3916 quibusdam
749 3823 955 3908 incrementis
969 3828 1218 3920 progrediantur.
1251 3823 1289 3910 br

225 3903 299 3972 ianr
319 3903 527 3998 puer‘nnllis
548 3901 767 3994 singularibus
790 3905 878 3993 vitiis
905 3908 1043 3980 insectus
1062 3927 1129 3979 est:
1173 3907 1222 3976 sed
1250 3902 1289 3966 ult

140 4016 148 4026 ·
223 3986 426 4090 adoleverit,
441 3987 672 4089 immodestae,
695 3990 941 4088 intemperantis
958 4012 990 4063 et
1005 3995 1142 4092 lascivae
1164 3993 1239 4060 vitae
1252 3986 1292 4080 iu,

207 4085 709 4167 ·quinar'nentis.contami,natur:
730 4102 808 4156 mort,
830 4093 1029 4150 constantem
1046 4105 1087 4150 ae
1109 4077 1226 4148 virilem
1246 4083 1292 4136 ae*

188 4171 202 4220 t
222 4173 321 4257 tatem
336 4173 539 4241 contemtus,
561 4174 641 4252 tuni,
652 4161 782 4232 demum
799 4162 905 4250 magis
923 4177 1021 4258 atque
1038 4163 1140 4256 inagis
1158 4182 1222 4230 vera
1243 4150 1288 4221 illa

173 4299 194 4307 .,
216 4259 377 4316 ranorum
391 4267 484 4336 seges
498 4245 649 4340 'erumpit
695 4247 810 4336 Quare
830 4262 924 4318 retus
946 4247 1048 4322 homo
1060 4265 1195 4322 naturam
1207 4259 1289 4306 sm

894 4371 898 4410 ,
927 4379 928 4384 ,
