2564 4902
265 375 271 381 -
347 307 599 408 catechismis
625 328 757 428 minor.
1028 325 1102 430 295

26 488 784 582 rmusroumae'onrassroursruo
799 509 1098 581 nunroumns.

36 643 43 652 '
99 627 135 697 ln
152 621 244 696 buue’
256 615 397 696 modurn
413 624 540 721 alloqui
571 623 667 724 debes
689 625 880 698 ministrum
900 627 1005 698 verbis
1023 693 1026 702 .

54 731 227 800 Reverentia
246 744 283 798 et·
297 727 412 799 dilecte
434 726 598 810 Domine,
620 753 702 822 rogo
726 745 775 812 te,
804 745 841 799 nt
861 729 1097 802 confessionem

126 839 235 884 meam.
248 813 380 912 audias,
414 830 446 886 et
459 811 710 910 .mibi‹·propter
730 819 839 902 Deum
870 815 1095 898 remissionem

124 923 305 990 annumeres.
441 981 443 988 χ

83 993 182 1071 Miser
192 1025 253 1092 ego
266 987 418 1094 peccator
440 999 598 1072 confiteor
617 1023 727 1071 eoram
745 993 835 1085 Deo,
865 1001 918 1072 me
943 1000 1093 1075 omniurn

17 1103 198 1180 peecatorum
223 1113 317 1158 reum
345 1112 430 1171 esse,
467 1085 620 1182 inprimis
647 1087 806 1168 confiteor
825 1112 934 1158 eoram
955 1103 1004 1171 te,
1023 1114 1092 1172 ⁴rne

50 1169 286 1256 idemservum,
318 1170 489 1260 antillam,
515 1187 574 1241 eto.
597 1195 683 1253 esse,
713 1173 769 1240 sed
780 1171 955 1241 infideliter
966 1171 1091 1244 servire
1161 1233 1165 1246 .

17 1195 128 1325 limiuo
150 1283 238 1326 meo:
274 1257 453 1356 nonenim
484 1256 565 1339 feei,
601 1279 668 1324 nou
689 1253 794 1340 iaeio,
824 1256 1014 1350 quaemihi
1038 1256 1091 1325 in-

15 1340 117 1432 jungit,
154 1339 281 1411 irritavi
308 1359 341 1414 et
366 1343 409 1411 ad
432 1339 693 1420 maledicentium
719 1340 899 1412 commovi*
920 1341 1090 1412 dominnm

14 1426 51 1494 rel
65 1425 222 1495 dominam
238 1452 357 1508 meam,
379 1427 483 1496 multa
498 1427 623 1520 neglexi
645 1443 677 1496 et
694 1426 814 1498 damno
835 1449 966 1500 causam
990 1445 1089 1521 prae-

11 1510 68 1593 bui,
86 1527 139 1581 etet
165 1510 201 1580 iu
217 1511 326 1580 verbis
350 1528 383 1581 et
397 1512 490 1583 laetis
508 1510 783 1612 ¹petulanternme
799 1512 947 1606 praebui,
969 1509 1090 1604 ‘impe--

12 1595 74 1664 tiens
103 1595 166 1679 lui,
203 1596 390 1691 obstrepui,
419 1613 475 1672 eto
507 1599 584 1668 meo·
610 1593 724 1682 doleo,
759 1595 900 1692 gratiam
934 1594 1088 1692 imploro,

11 1681 249 1778 emendationem
274 1682 445 1777 promitto.
845 1695 847 1701 ’
901 1727 904 1736 ,
1083 1687 1086 1694 ’

196 1845 197 1850 ’
251 1843 372 1914 Herus
398 1851 461 1917 a'ut
488 1837 659 1914 horatio
685 1839 828 1926 disant:

71 1974 104 2038 lu
129 1967 222 2040 rimis
251 1971 408 2040 eoniiteor
423 1996 532 2041 coram
547 1987 609 2054 te„
623 1998 676 2040 me
688 1995 765 2040 mon
783 1969 971 2063 diligentem
986 1970 1089 2048 inissa

7 2049 32 2118 iu
44 1995 328 2126 adclamatione
351 2072 382 2125 et
399 2056 604 2126 institutione
623 2056 804 2131 liberorum
831 2074 863 2128 et
876 2055 1021 2128 familiae
1042 2047 1109 2128 ad'
1171 2085 1176 2098 ·
1276 2070 1280 2076 '

5 2135 123 2286 floriam
136 2143 222 2225 Dei,
250 2140 493 2236 blasphemavi,
526 2141 658 2220 nomine
677 2141 740 2210 De'i
755 2143 874 2210 abusus
894 2168 987 2222 sum,
1006 2167 1086 2222 ,ma-

16 2249 59 2291 um
77 2252 161 2296 exem
190 2226 260 2294 lum
288 2251 389 2320 prava
418 2223 612 2322 loquenset
635 2225 757 2296 faciens
778 2227 932 2320 praebui,
962 2227 1099 2302 vicinos

4 2303 84 2392 laesi,
112 2253 222 2380 multis
239 2310 434 2391 obtrectavi,
465 2312 612 2406 pondera
627 2328 658 2382 et
673 2334 843 2379 mensuras
861 2311 1000 2394 violari,
1024 2312 1086 2380 de-
1115 2367 1117 2370 .

4 2393 59 2488 cepi
75 2398 262 2493 proximum
288 2397 459 2466 vendendo
488 2421 628 2479 merces,
656 2409 730 2465 ete.¹
751 2399 805 2464 ‘Et
831 2397 861 2462 si
887 2397 968 2500 quid
988 2395 1085 2468 aliud

2 2495 94 2548 eontra
108 2483 357 2576 praeceptaDei
375 2480 583 2584 in'cnjnsque'
597 2481 766 2550 vocatione
782 2499 940 2563 occurrit,
959 2491 1023 2551 eto:

68 2567 102 2633 Si
116 2593 192 2636 vero
212 2566 289 2660 quis
304 2591 371 2634 nou
386 2583 498 2648 sentit,
529 2566 708 2638 soonerat'i
728 2557 851 2634 talibus
874 2583 931 2635 aut
951 2564 1084 2655 gravio·
1161 2605 1164 2612 ι

1 2643 73 2716 ribus
87 2651 253 2746 peccatis,
272 2649 300 2720 is
313 2653 385 2719 non
399 2652 442 2721 sit
461 2649 644 2733 sollicitus,
666 2674 725 2720 nec
746 2667 881 2754 quaerat
902 2669 960 2725 aut
972 2653 1085 2742 ''fingat

0 2753 122 2818 eecata,
148 2761 207 2808 neo
225 2763 265 2806 en
282 2735 487 2807 consessione
506 2738 728 2808 carnificinam
749 2738 867 2820 lac-iat,
897 2737 954 2808 setl
979 2762 1083 2806 unurn

5 2831 78 2910 tque
94 2822 233 2892 alterurn
254 2837 422 2916 peecatum
446 2821 517 2892 sibi
533 2823 805 2904 notumrecitet,
833 2838 898 2902 utt,
927 2821 1083 2916 Inprimis

14 2905 150 2996 ouiteor,
181 2933 234 2976 me
250 2907 387 2993 abusum
405 2931 473 2976 esse
487 2907 626 2976 ‘nornine
645 2907 775 2990 divino,
802 2907 911 2985 verbis
929 2907 1082 3001 ,impudi-

9 3012 34 3072 ,1s
53 3016 159 3081 nsum,
189 2993 254 3068 boe
277 2991 328 3060 vel
351 2991 437 3063 illud
465 2991 673 3084 neglexisse,
690 2999 766 3064 ete‘
792 2993 848 3064 Sic
867 3017 948 3088 sane
966 2991 1092 3087 quies,

15 3077 195 3147 tanimus.
481 3087 510 3112 '¹
558 3113 562 3118 ·
982 3133 1002 3152 „

66 3149 99 3230 Si
112 3189 187 3232 vero
224 3162 297 3234 lane
313 3157 433 3229 nuliius
449 3161 510 3230 tibi
525 3157 671 3230 conscius
685 3171 737 3252 e's,
766 3159 878 3263 (quod
900 3181 1082 3256 propemo-

3 3269 60 3312 um
74 3245 206 3340 impossr
232 3247 277 3316 ile
292 3251 365 3340 est)
403 3245 535 3315 nullum
556 3247 657 3332 etiarn
679 3245 741 3316 ins
768 3249 834 3318 e‘ere
857 3248 988 3336 renites,
1024 3243 1082 3314 sed
1135 3314 1138 3319 .

0 3330 375 3424 cripias'remissionem,
404 3331 489 3404 iacta
503 3331 650 3424 generali
665 3339 733 3402 con
745 3333 885 3416 essione,
906 3355 1007 3432 quarn
1020 3355 1082 3401 co·

10 3435 52 3483 em
66 3419 132 3490 Deo
150 3419 192 3486 ad
208 3417 395 3490 ministrum
409 3416 618 3512 pronuncias.
866 3481 878 3498 ‚,

37 3499 271 3596 'Respondeat
293 3503 406 3572 autem
429 3501 595 3574 ininisters¹
632 3505 725 3576 Deus
749 3503 812 3575 tibi
836 3501 881 3572 sit
904 3496 1079 3600 propitius,

12 3587 198 3659 teonlirmet
220 3589 320 3657 [idern
339 3603 447 3666 tuam,
480 3591 601 3662 Arnen,
691 3653 694 3662 Χ

62 3671 239 3762 interroget
255 3673 353 3746 etiam
368 3675 590 3742 confitentem:
623 3677 715 3744 Num
732 3689 840 3746 meam
853 3667 1080 3750 remissionem
1170 3733 1173 3738 .
1272 3721 1273 3742 2

4 3753 81 3848 'redis
101 3777 169 3826 esse
182 3757 246 3826 bei
260 3757 522 3829 remissionem?
552 3757 744 3832 affirmanti
764 3775 797 3828 et
811 3756 955 3828 credenti
978 3773 1079 3854 porro
1101 3775 1108 3814 κ
1159 3787 1160 3792 ¹

0 3857 80 3910 ¹cttt
119 3841 196 3913 Fiat
213 3842 292 3924 tibi,
326 3839 533 3913 sicuteredis.
576 3845 622 3911 Et
642 3871 702 3936 ego
718 3871 756 3912 ex
770 3845 923 3914 mandato
940 3847 1078 3936 D01t¹J¹¹¹
1149 3913 1150 3916 ,

13 3929 83 3994 ostri
101 3931 182 3994 Jesu
205 3928 353 4009 Christi,
375 3928 521 3997 nemum
546 3929 608 3998 tibi
634 3945 695 4004 rua
721 3946 852 4024 peccata
880 3928 915 4004 iu
944 3946 1078 3994 noemma

2 4009 105 4094 auis,
123 4011 227 4110 tilii,
256 4011 450 4114 etSpiritus
465 4013 588 4095 saneti,
617 4019 733 4088 Amen.
759 4016 870 4086 -Vade
884 4015 918 4092 in
935 4033 1023 4110 pace·

67 4095 134 4183 Qui
148 4124 224 4167 vero
240 4097 583 4168 conserentiashabent
607 4099 762 4181 afflictas,
797 4111 953 4178 tentatas,
982 4117 1077 4164 moe-

0 4187 64 4258 tas,
92 4206 145 4280 eos
161 4181 309 4268 minister
330 4182 479 4278 pluribus
499 4186 668 4284 sententiis
689 4184 867 4280 scripturae
886 4179 1077 4252 iacientibus

0 4261 32 4328 <d
46 4263 116 4336 fidei
128 4277 360 4342 incrementum
375 4265 611 4342 consolabitur,
1004 4281 1006 4286 '
