2618 4902
154 227 348 343 Ι56
453 275 515 336 .’
646 243 828 374 Apologia

192 447 459 545 promoumerita
486 463 606 515 nostra.
656 449 701 516 Et
725 446 897 516 denatura
924 463 956 518 et
977 445 1082 539 gratia
1103 445 1237 542 inqiri'ta
1262 449 1286 514 Si

191 531 390 630 possibilitas
415 531 570 598 tuituralis
597 559 655 614 per
679 531 818 602 liberum
844 531 1030 614 arbitrium,
1055 535 1155 600 etad
1180 558 1286 622 cogno

191 617 346 686 scendum
366 617 530 710 quomodo
546 615 651 685 viv'ere
667 617 798 698 debeat,
823 617 912 686 etad
932 617 1014 686 hene
1029 616 1213 686 vivendum
1234 616 1286 682 sns-

89 722 92 730 '
192 703 276 784 ficit,
300 701 362 769 sibi
387 727 463 786 erg-u
484 699 633 768 Christus
646 702 754 791 'gratis
773 718 923 772 mortuus
939 719 997 770 ost.
1049 705 1144 790 Ergo
1163 726 1286 768 erama-

195 803 268 857 tuin
283 803 331 856 est
344 785 529 854 scandatum
540 785 653 855 trucis·
675 789 750 856 ‘Cur
764 812 830 855 non
847 786 1011 874 etiame'go
1027 783 1080 854 hic
1099 785 1286 854 exclamem?

175 921 178 926 -
194 877 266 962 imo
281 871 485 947 exclamabo,
516 888 546 938 et
562 871 638 958 istos
654 873 828 964 increpabo
845 869 957 939 dolore
976 871 1191 940 Christiano:
1214 877 1286 938 Eva·

195 955 280 1028 cuati
303 955 378 1022 'estis
399 979 417 1023 a
438 955 588 1037 Christo,
618 955 675 1050 qui
696 956 730 1024 in
751 973 865 1026 natura
881 955 1125 1048 justificamini,
1159 980 1180 1022 a
1202 954 1286 1049 gratia

134 1115 138 1134 ,
193 1040 369 1110 excidistis.
415 1047 603 1130 Ignorantes
630 1042 716 1118 enim
739 1041 896 1134 justitiam
911 1041 993 1122 Dei,
1023 1058 1055 1108 et
1072 1057 1221 1108 vestram
1243 1067 1285 1108 vo-

122 1211 124 1216 ,
195 1125 297 1194 lentes
324 1124 535 1206 constituere,
571 1125 713 1216 justitiae
729 1126 793 1194 Dei
818 1128 885 1194 no'n
906 1125 982 1195 estis
1007 1125 1161 1219 subjecti.
1216 1126 1286 1192 Sicut

196 1210 284 1277 enim
298 1210 372 1280 finis
383 1209 479 1300 legis,
503 1210 546 1280 ita'
563 1209 659 1280 etiam
676 1228 809 1280 naturae
825 1211 984 1280 humanae
1001 1210 1142 1279 vitiosae
1153 1209 1285 1280 ,salrator

107 1343 114 1364 r
166 1313 170 1320 '
195 1293 350 1364 Christus
367 1311 425 1375 est,
447 1296 668 1385 adjustitiam
684 1296 773 1394 omni
789 1295 940 1366 credenti„
979 1300 1023 1366 Et
1037 1294 1285 1365 Jothannist'ttt

196 1378 307 1448 Siros
326 1379 411 1448 iilius
432 1379 625 1461 liberaverit,
648 1404 720 1450 vere
736 1379 830 1448 tibtri
847 1379 944 1449 eritis.
969 1385 1045 1458 Non
1061 1379 1167 1468 igitur
1183 1403 1283 1472 possu-

197 1491 270 1536 tnus
287 1491 346 1558 per
359 1464 519 1540 rationem
536 1465 668 1534 liberari
684 1490 703 1532 a
720 1465 871 1566 peccatis,
895 1481 926 1533 et
938 1463 1055 1550 mereri
1069 1466 1284 1532 remissionem

164 1561 165 1564 ’
198 1567 413 1644 peccatorum.
431 1554 433 1560 ’
456 1553 500 1618 Et
512 1547 680 1616 .Johannis
696 1549 789 1618 tertio
805 1549 959 1642 scriptum
978 1565 1042 1618 est:
1061 1548 1145 1618 *Nisi
1161 1549 1234 1644 quis
1247 1573 1282 1614 re·

104 1680 106 1686 π
186 1639 292 1714 ¹natus
307 1633 454 1702 sueritex
471 1649 560 1724 'aqua
573 1648 605 1702 et
616 1629 741 1728 spiritu,
764 1661 831 1703 non
847 1651 953 1728 potest
966 1633 1101 1704 introire
1118 1633 1156 1702 in
1165 1655 1283 1725 regnum

145 1749 149 1760 ⁴
197 1720 272 1804 Dei.
309 1719 406 1807 Quod
424 1717 450 1804 si
467 1743 548 1810 opus
566 1735 630 1798 est,
655 1718 781 1789 renasci
797 1725 890 1813 perlS
918 1719 1030 1787 irituin
1048 1735 1214 1800 sanctum,
1235 1722 1281 1783 Ju-

159 1826 162 1844 ²
199 1804 288 1874 stitia
304 1802 440 1888 rationis
454 1828 521 1895 non
537 1803 688 1894 justificat
701 1829 761 1874 nos
777 1829 886 1875 coram
895 1747 986 1886 iseo,
1009 1829 1076 1872 non
1090 1801 1174 1872 facit
1190 1803 1282 1890 legen.

198 1893 339 1957 Roman.
353 1891 407 1956 111.
442 1891 584 1956 'Omnes
606 1905 721 1958 carent*
735 1887 843 1979 gloria
858 1891 942 1970 Dei,
974 1887 1009 1956 id
1029 1903 1098 1980 est,
1124 1902 1236 1956 carent
1245 1909 1281 1952 sa-

223 1971 323 2040 ientia
349 1989 380 2040 et
407 1970 531 2062 justitia
554 1972 637 2054 Dei,
679 1998 763 2067 quan
779 1979 887 2043 Deum
910 1972 1058 2066 agnoscit
1078 1987 1111 2041 et
1134 1971 1280 2065 glorificat

197 2000 280 2126 item
299 2061 438 2144 Roman.
458 2061 546 2124 vin.
596 2062 716 2126 Sensus
744 2059 850 2126 carnis
874 2057 1120 2128 iuimicitia‘est
1145 2057 1280 2146 adversis

198 2147 326 2219 Deum
351 2139 431 2244 Legi
449 2139 614 2225 enimDei
629 2167 695 2212 non
710 2160 758 2212 est
774 2145 959 2237 subjectus,
983 2166 1021 2214 ac
1035 2167 1075 2209 ne
1095 2159 1207 2236 potest
1223 2161 1279 2232 qui·

199 2226 273 2296 dem
289 2225 319 2295 ei
334 2227 393 2295 sub
411 2225 461 2296 ici.
512 2226 582 2311 Qui
597 2244 704 2297 autem
718 2228 752 2296 in
767 2253 860 2298 carne
876 2231 980 2309 sunt,
1000 2233 1073 2296 Deo
1091 2225 1281 2322 placerem

197 2329 344 2408 possunt.
373 2253 479 2389 ,ilaec
495 2313 666 2397 adeo,sunt
684 2312 1012 2408 apertatestimonia,
1036 2327 1157 2382 utnon
1173 2307 1279 2378 doside·

196 2405 272 2481 rent
289 2413 416 2466 acutum
433 2395 689 2479 intellectdrem‚
712 2397 944 2468 sedattentum
959 2397 1166 2478 auditorem,
1190 2397 1291 2466 utria,

199 2481 319 2636 §ostiari
331 2481 437 2550 verbis
455 2499 604 2563 utamur,
626 2483 745 2582 quibus
764 2482 820 2552 ille
840 2481 880 2552 in
897 2484 1008 2553 eadem
1029 2506 1127 2550 causa
1145 2503 1223 2549 usos
1241 2487 1279 2542 est

129 2579 167 2616 -’·
225 2565 237 2635 i
258 2591 371 2634 seusus
399 2566 504 2634 earnis
526 2581 575 2634 est
596 2565 767 2635 inimicitia
791 2567 943 2638 adversus
966 2572 1091 2647 Deum,
1121 2579 1210 2635 certe
1226 2579 1279 2629 cart

197 2671 267 2722 non
280 2651 385 2738 ditigit
399 2656 518 2718 Deum.
567 2651 603 2718 Si
619 2676 687 2720 non
703 2668 808 2745 potest
822 2651 885 2751 tegi
899 2652 962 2719 Dei
982 2649 1118 2751 subjici,
1152 2675 1219 2716 non
1235 2669 1278 2737 po·

169 2747 172 2760 '
198 2751 260 2824 test
274 2741 382 2804 Deum
398 2733 541 2826 diligere.
590 2734 628 2803 ‘Si
645 2760 756 2804 sensus
774 2761 877 2805 carnis
893 2752 941 2806 est
956 2733 1124 2804 inimicitia
1149 2734 1278 2801 adverus

197 2827 324 2904 Deum,
338 2835 447 2914 peccat
461 2844 536 2887 caro
553 2818 661 2902 etiam,
683 2845 757 2889 cum
771 2837 900 2890 externa
915 2819 1022 2890 civilia
1040 2845 1139 2924 opera
1155 2816 1278 2906 facimus·

200 2905 238 2974 Si
254 2931 319 2974 non
334 2919 438 2998 potest
451 2903 564 2996 subjici
581 2904 645 2996 legi
659 2905 721 2973 Dei
733 2923 854 2988 ,-certe
864 2905 999 2999 'peceat,
1028 2903 1159 2974 etiamsi
1173 2915 1278 2994 egreglt

102 2994 108 3002 '
175 2973 301 3071 'factm
333 3007 364 3058 et
381 2989 476 3079 digna
492 2989 585 3070 laude
599 2991 690 3081 juxta
705 2989 1057 3082 humanum‘judicium
1074 2987 1182 3058 habet.
1229 2980 1291 3050 Ad

200 3073 333 3144 versarii
359 3072 527 3144 intuentur
548 3092 719 3170 praecepta
743 3076 899 3174 spcundae
917 3073 1065 3157 tabulae,
1096 3098 1183 3167 quae
1203 3072 1291 3162 justat

199 3160 279 3238 tiam
298 3156 425 3235 civilem
440 3158 623 3240 continent,
649 3187 747 3255 quam
765 3159 920 3253 inteiligit
935 3157 1032 3229 ratio
1075 3163 1145 3228 Hac
1160 3162 1279 3224 continul

198 3261 316 3338 putant
330 3271 363 3312 se
382 3243 517 3332 legiDei
534 3243 726 3326 satisfacere.
760 3245 894 3323 interim
913 3245 1050 3336 primatu
1071 3243 1217 3324 taliuiain
1232 3253 1291 3302 Ποῦ,

199 3330 325 3412 vident,
347 3353 428 3422 quae
444 3329 618 3421 praecipit,
649 3347 684 3396 ut
698 3328 872 3420 diligamus
888 3335 1011 3409 Deum,
1034 3345 1070 3396 ut
1087 3353 1164 3396 vere
1178 3337 1278 3394 statua·

199 3439 271 3482 tritis
282 3444 298 3494 ,¹
311 3413 398 3508 quod
410 3415 495 3480 Deus
512 3413 667 3484 iraseator
706 3431 821 3498 uocatu,
845 3431 881 3481 ut
896 3429 975 3482 vere
990 3415 1163 3482 timeamus
1181 3415 1277 3497 Deuttt

98 3561 101 3569 .
199 3515 322 3586 otiare
341 3515 538 3580 statuimus,
566 3497 655 3590 quod
704 3525 758 3567 eus
781 3499 937 3568 exaudiat.
987 3495 1277 3578 Atiuunanusauts

108 3605 113 3612 ·
159 3583 163 3592 '
199 3611 271 3652 meis
289 3583 358 3652 sine
373 3578 498 3675 Spiritu
511 3583 632 3663 sancto,
652 3601 708 3653 aut
721 3601 850 3652 securus
868 3582 1044 3652 contemnit
1057 3579 1213 3674 judicium
1223 3577 1277 3642 ltu

199 3668 255 3737 ant
272 3667 303 3734 in
320 3691 423 3760 poena
439 3664 523 3756 [ugit
539 3683 569 3734 et
584 3669 653 3736 odit
665 3669 863 3762 judicantem
877 3673 995 3752 Deum.
1025 3673 1138 3760 ltaque
1157 3685 1220 3730 non
1234 3652 1277 3722 dt·

199 3768 357 3844 temperat
374 3751 504 3844 'primae
532 3752 670 3825 tabulae.
723 3753 840 3822 Comi
866 3753 930 3821 itur
953 3750 1108 3822 haereant
1129 3749 1164 3816 in
1185 3753 1278 3839 natura

198 3835 341 3906 hominis
364 3853 542 3905 conterritus
555 3837 634 3920 Dei,
668 3838 829 3908 dubitatio
843 3779 887 3908 ie
908 3837 1008 3910 verbo
1021 3836 1104 3916 Dei,
1128 3833 1168 3900 de
1188 3839 1276 3896 minu,

200 3940 231 3992 et
246 3919 526 4014 promissionibus,
545 3947 618 3990 vere
633 3933 766 4018 peceant
782 3923 941 4003 homines,
965 3923 1149 3991 etiamcum
1165 3914 1277 3982 honesta

200 4033 297 4100 opera
312 4005 435 4074 faciunt
451 4005 521 4076 siue
537 4007 664 4101 Spiritu
680 4025 807 4093 sancto,
831 4007 909 4102 quia
923 4006 1046 4076 faciunt
1059 4029 1096 4075 ea
1109 3999 1207 4093 impio
1221 4011 1291 4058 cot*

199 4094 239 4162 de
291 4096 381 4186 justa
405 4087 502 4160 illud:
534 4089 703 4188 Quicquid
724 4120 791 4165 non
815 4110 863 4163 est
882 4117 920 4162 ex
942 4092 1025 4174 tide,
1048 4103 1221 4190 peceatum
1236 4081 1276 4140 est

198 4141 295 4247 'faits
317 4175 406 4248 enim
431 4193 605 4272 operantur
631 4205 704 4252 cum
727 4193 896 4274 contemtu,
914 4175 997 4266 Dei,
1030 4173 1276 4272 neutEpnuruS
