2618 4902
123 319 155 418 s
204 363 275 438 118
456 301 461 308 ι
524 305 527 318 ⁸
631 307 842 462 'Apologia
897 349 900 355 λ
956 324 988 398 ¹·
1037 313 1055 434 ,v

289 539 390 632 Quod
409 539 439 622 si
457 537 521 612 hoc
549 541 650 615 modo
682 540 890 612 definiremus
915 537 1121 624 Ecclesiam,
1157 537 1292 626 sortassii

168 632 172 640 '
201 626 393 698 haberemus
413 626 584 722 aequiores
593 627 734 719 judicos,
774 621 994 698 Multn‘cnim
1015 631 1128 696 extant
1142 623 1292 694 immodi-

201 727 273 784 rate
286 726 319 786 et
336 709 437 807 impie
460 711 580 806 scripta
603 712 643 782 de
664 727 823 807 potestate
842 710 987 782 Romani
1008 709 1205 794 Pontificis,
1237 735 1292 803 pro

202 813 276 896 pter
289 809 373 893 qi'tae
386 821 484 868 nenio
508 821 657 892 unquam
678 823 752 868 reus
776 796 882 868 factiis
906 811 963 866 est.
1005 801 1077 867 Nos
1101 794 1171 864 soli
1221 793 1292 866 lecti

126 933 129 940 -
202 907 296 967 mur,
326 882 404 976 quia
432 880 656 976 praedicamus
676 881 873 952 heneficium
894 880 1038 962 Christi,
1070 879 1167 974 quod
1193 821 1292 951 idei

204 966 376 1040 Christum
393 964 868 1061 consequamurremissionem
884 981 1110 1062 peccatorum,
1142 990 1222 1035 non
1246 965 1292 1036 cul

203 1052 291 1128 tilius
314 1049 502 1154 excogitatis
527 1059 548 1122 a
569 1051 738 1123 Pontifice.
780 1055 888 1130 Porro
913 1049 1065 1122 Christus
1119 1050 1292 1147 Propheta

204 1152 238 1212 et
248 1135 421 1232 Apostoli,
443 1136 541 1240 longe
556 1135 654 1208 aliter
670 1137 827 1208 deliniunt
841 1135 1021 1207 Ecclesiam
1038 1101 1190 1221 Christi,
1216 1163 1292 1291 quai

202 1247 343 1314 regnum
359 1223 579 1293 Pontificium.
621 1227 691 1293 Nec
706 1239 754 1294 est
770 1223 1008 1300 ael-Pontifices
1031 1219 1222 1308 transferen
1250 1249 1293 1312 uiq

185 1334 189 1344 ’
205 1307 296 1403 quod
308 1306 352 1376 ad
368 1331 478 1380 veram
491 1306 683 1379 'Ecclesiam
695 1307 854 1402 pertinet,
884 1307 975 1404 quod
998 1303 1151 1376 videlicet
1176 1307 1248 1398 sint
1262 1335 1293 1392 ce

203 1391 335 1468 tumnae
350 1393 518 1484 veritatis,¹
541 1394 631 1490 qnod
651 1401 718 1462 n'oii
743 1397 872 1462 terreni.
918 1389 1207 1486 Quotusquisque
1229 1393 1293 1461 eniri

204 1475 545 1570 curatEvangelium,
572 1476 766 1580 autiudicat
787 1477 922 1568 dignum
938 1501 1007 1547 osse
1023 1474 1188 1548 lectione?
1213 1475 1293 1546 Mitt

204 1561 303 1638 etiam
318 1559 430 1657 palam
442 1563 582 1633 irrident
593 1559 769 1653 religiones
785 1587 910 1652 omnes,
935 1561 994 1632 hut
1009 1560 1039 1630 si
1056 1561 1138 1656 quid
1154 1563 1293 1656 probant

142 1699 146 1710 .
203 1647 345 1742 probant
357 1646 436 1733 illa,
465 1672 550 1744 quae
564 1645 728 1718 humanae
742 1647 863 1718 rationi
877 1663 1092 1719 consentanea
1113 1663 1219 1731 sunt,
1245 1675 1293 1718 cae

191 1732 440 1822 ,terafahulosa
454 1757 524 1802 esse
542 1731 766 1817 arbitrantur,
795 1749 826 1804 et
837 1733 958 1802 similia
984 1749 1035 1802 tra
1059 1731 1167 1802 oediis
1195 1737 1293 1804 Poeta

203 1843 290 1892 rum.
332 1821 445 1906 Quare
457 1841 517 1887 nos
532 1820 625 1909 juxta
641 1821 816 1912 scripturas
832 1817 1002 1905 sentimus,
1058 1814 1221 1886 eclesiam
1239 1843 1293 1914 pro

136 1942 162 1960 -κ
228 1901 275 1971 rie
289 1900 407 1972 dictam
422 1927 492 1972 csse
513 1895 796 2002 congregatioiiem
816 1919 1023 1986 sanctorum,
1053 1901 1111 1996 qui
1134 1928 1221 1972 vere
1247 1931 1293 1974 cre

201 1927 289 2057 hunt
305 1985 486 2078 Evangelio
512 1987 656 2071 Christi,
684 1987 858 2060 etihabent
882 1987 1042 2084 Spiritum
1063 1997 1243 2060 sanctum,
1273 1993 1293 2056 ti

206 2085 317 2146 tamen
332 2069 491 2157 fatemur,
518 2071 641 2144 multos
655 2071 842 2168 hypocritas
859 2089 891 2142 et
906 2071 1009 2146 malos
1035 2070 1088 2141 his
1110 2070 1147 2140 in
1166 2071 1237 2144 hae
1255 2075 1293 2142 vit

190 2155 400 2240 <admistum¹
422 2156 542 2231 habere
570 2154 759 2230 societatem
787 2174 994 2230 externorum
1025 2155 1229 2248 signorum,
1261 2155 1293 2254 qu‘

97 2293 100 2311 i
206 2257 284 2320 sunt
311 2229 460 2328 mcmhqa
480 2241 644 2314 Ecclesiae
670 2244 849 2314 secundum
887 2243 1293 2314 societatem-externoruu

206 2325 387 2418 signorum.
431 2327 575 2424 Ideoque
588 2345 705 2432 gerunt
720 2326 829 2402 officia
853 2328 887 2398 in
900 2327 1056 2400 Ecclesia.
1097 2331 1174 2398 Nec
1199 2327 1293 2400 adimit

206 2411 423 2490 sacramentis
439 2412 636 2498 efficaciam,
664 2415 755 2508 quod
768 2440 827 2511 per
844 2411 996 2504 indignos
1012 2427 1220 2498 tractantur,
1245 2413 1294 2508 qut

205 2514 448 2594 repraesentant
462 2497 587 2568 Christi
601 2524 790 2593 personam,
819 2505 954 2594 pro'pter
974 2496 1186 2569 rotationem
1203 2499 1294 2586 Eccle]

195 2583 285 2666 siae,
309 2609 378 2654 non
391 2599 635 2679 repraesentant
646 2586 799 2679 proprias
810 2607 981 2678 personas,
1005 2599 1041 2651 ut
1056 2597 1202 2652 testatur
1219 2585 1294 2656 Chri

204 2681 293 2742 ituri
337 2665 408 2757 Qui
430 2679 488 2738 vos
517 2667 628 2753 audit,
655 2695 708 2738 me
735 2668 837 2739 audit.
879 2670 965 2753 Cum
997 2666 1141 2756 verbum*
1170 2668 1294 2748 Christ,

205 2769 495 2830 cumsacramenta
508 2751 701 2846 porrigunt,
731 2752 856 2824 Christi
873 2753 942 2822 vice
968 2768 1000 2824 et
1022 2752 1096 2824 loco
1113 2756 1294 2854 porrigunt

205 2837 245 2906 Id
260 2837 353 2908 docet
372 2861 433 2910 nos
456 2836 514 2912 illa
540 2861 601 2905 vox
629 2837 771 2922 Christi,
801 2864 842 2910 ne
859 2837 1053 2934 indignitate
1077 2837 1294 2910 ministroruu

206 2919 428 2992 offendamur.
471 2922 540 2992 Sed
553 2921 593 2991 de
613 2919 675 2993 hac
693 2949 729 2994 re
750 2923 829 2994 satis
847 2922 934 2994 clare
957 2922 1099 3008 diximus
1120 2921 1157 2991 in
1185 2925 1294 2996 conlo

206 3006 318 3090 sione,
344 3031 405 3075 uos
424 3004 611 3102 improbare
624 3007 834 3093 Donatistae,
863 3024 895 3080 et
912 3006 1131 3100 Vigleristas,
1155 3010 1224 3113 qni
1243 3035 1294 3102 seii

152 3149 155 3158 .
207 3107 321 3162 serunt
335 3089 486 3163 homines
499 3116 650 3188 peceare,
678 3093 871 3186 accipientes
887 3108 1087 3164 sacramenta
1105 3093 1148 3162 ab
1166 3095 1294 3186 indigni

205 3174 243 3249 iu
257 3175 415 3250 Ecclesia.
456 3177 593 3276 Haecin
607 3179 792 3281 praesentia
807 3176 1002 3250 ridebantur
1015 3176 1166 3252 sufficere
1193 3181 1243 3249 ad
1262 3181 1294 3248 ds

29 3272 33 3281 ‘
111 3316 114 3322 .
205 3259 389 3332 sensionem
411 3262 638 3356 descriptionis
660 3261 844 3348 Ecclesiae,
883 3287 982 3420 quam
1004 3261 1230 3350 tradidimus,
1262 3289 1294 3330 ne

104 3741 116 3756 s
129 3718 139 3754 ί
207 3703 286 3762 8th

99 3371 106 3376 ·
231 3371 271 3414 ue
282 3349 450 3444 yidemus,
478 3372 552 3420 cum
565 3347 712 3421 Ecclesia
732 3349 864 3444 proprie
908 3347 969 3419 icta
991 3345 1183 3453 appelletur
1199 3371 1294 3419 corii

154 3434 158 3446 ’
207 3369 350 3515 dhiisii,
381 3431 550 3526 quomodo
566 3433 662 3502 aliter
678 3433 887 3504 describenda
901 3433 1020 3518 suerit,
1051 3455 1151 3528 quani
1175 3375 1294 3503 nosie

207 3513 416 3610 scripsimus,
446 3533 571 3586 constat
584 3518 670 3586 enim
688 3517 806 3612 impios
828 3519 871 3588 ad
885 3545 1025 3608 regnum
1047 3533 1080 3586 et
1095 3542 1227 3614 corpus
1248 3519 1294 3587 dii

133 3631 136 3640 ¹
205 3597 276 3674 hoii
289 3600 468 3754 pertinere,
500 3601 557 3696 qui
569 3601 712 3696 impellit
727 3619 759 3673 et
773 3602 871 3674 habet
886 3603 1028 3698 captivos
1043 3600 1179 3696 impios.
1231 3609 1294 3672 Hae

316 3711 373 3756 uce
388 3685 570 3766 meridiana
586 3686 741 3770 clariora,
771 3713 855 3785 quae
868 3705 977 3758 tamen
993 3690 1020 3759 si
1031 3703 1172 3781 pergent
1189 3688 1294 3758 caluii

98 3813 99 3819 κ
207 3769 293 3846 niari
309 3769 508 3854 adversarii,
537 3796 604 3840 nori
622 3771 832 3862 gravabimur
846 3772 1009 3867 copiosius
1025 3767 1249 3876 respondere.

291 3863 461 3957 Damnant
486 3856 665 3928 adversarii
692 3873 726 3954 et
751 3855 834 3934 hanc
862 3875 988 3953 partem
1011 3856 1143 3965 septimi
1166 3855 1294 3928 articuli

193 3942 296 4044 ‘quod
311 3943 451 4012 diximus
466 3941 507 4012 ad
520 3966 630 4011 veram
643 3959 801 4016 unitatem
815 3943 979 4014 Ecclesiae
994 3959 1073 4014 satis
1086 3966 1156 4012 esse
1173 3969 1294 4012 conseri

168 4053 189 4081 τ’
208 4043 268 4102 tire
282 4028 321 4098 de
338 4023 486 4098 doctriua
505 4025 696 4116 Evangelii,
730 4043 762 4096 et
776 4027 1294 4100 administratione·Sacramenta

206 4137 303 4196 rum,
325 4135 385 4185 nec
401 4135 531 4208 necesse
550 4136 638 4195 esse,
661 4110 784 4212 ubique
799 4113 924 4184 similes
940 4113 1128 4210 traditiones
1148 4107 1294 4206 humana

208 4221 290 4278 esse,
309 4222 368 4265 seu
385 4210 466 4266 ritus
480 4211 538 4264 aut
557 4221 755 4268 ceremonias
769 4197 811 4268 ab
828 4197 1017 4274 hominibus
1032 4200 1218 4274 institutas.
1258 4203 1294 4264 Hi

208 4281 417 4374 distinguant
432 4282 630 4353 universales
639 4298 670 4352 et
676 4281 889 4378 particulares
906 4284 998 4369 ritus,
1019 4301 1052 4355 et
1068 4281 1220 4386 probant
1235 4281 1293 4352 arti
