2548 4906
254 331 324 430 17'8
413 295 418 306 ἱ
710 328 897 434 'Apologia‘
993 369 998 378 ·

187 561 190 570 ·
250 498 365 584 multis
383 499 478 582 bonis
498 507 597 591 viris,
626 509 804 604 quiinitio
824 533 937 582 amare
958 504 1138 582 Lutlrerum
1160 533 1233 602 corpe

276 621 353 668 uam
375 595 464 692 quod
480 595 655 676 videbant,
685 623 760 665 eum
783 595 946 692 explicare
969 597 1096 666 animos
1120 593 1231 666 hominu

252 625 320 755 dlis
334 679 530 776 labyrinthis
549 676 853 752 confusissimarum
875 695 908 752 et
931 677 1131 750 infinitarum
1155 681 1233 771 disput

251 777 343 851 num,
368 777 541 862 quaesunt
556 761 643 860 apud
656 761 874 838 scholasticos
887 757 1077 860 'l'heologos
1095 782 1126 835 et
1142 769 1233 836 Canon

251 871 284 926 et
299 879 351 924 res
369 851 466 921 utiles
480 850 524 920 ad
537 848 689 945 pictatem
713 849 838 926 docere.
882 853 995 938 Quare
1017 875 1084 921 non
1106 851 1230 922 fecerunt

252 937 330 1010 dide
352 929 547 1034 adversarii,
578 937 668 1025 quod
691 961 766 1007 cum
789 927 1002 1035 velleotonos
1026 935 1175 1006 assentiri
1191 959 1233 1004 con

252 1021 347 1108 tioni,
368 1016 654 1098 dissimulaverunt
668 1021 801 1092 abusus.
843 1025 891 1090 Ac
904 1046 934 1089 st
950 1020 1075 1091 vellent
1087 1018 1230 1092 Ecclesiae

158 1109 161 1118 ’
251 1109 394 1190 sultum,
424 1104 563 1176 maxime
578 1103 639 1176 isto
653 1107 688 1174 in
704 1105 795 1190 loco,
825 1099 860 1174 in
884 1103 946 1176 hac
965 1103 1154 1186 occasione,
1187 1103 1233 1172 debr

239 1189 378 1280 ,hortari
394 1189 556 1286 optimum
573 1194 826 1284 Imperatorem,
857 1203 895 1260 ut
910 1189 951 1262 dc
972 1189 1171 1282 corrigendis
1189 1189 1233 1256 abu

253 1271 428 1346 consilium
444 1287 589 1378 caperet,
614 1297 712 1366 quem
725 1267 859 1370 quidem
876 1299 944 1346 non
959 1265 1097 1346 obscuro
1115 1273 1233 1344 animodi

178 1414 181 1422 .
253 1381 327 1432 mus
343 1357 590 1458 cupidissimum
604 1381 672 1428 esse
687 1359 771 1428 bone
787 1357 1031 1430 constituendae
1053 1375 1085 1430 et
1105 1357 1233 1453 sananda

252 1443 379 1518 clasiae.
404 1446 487 1516 'Sed
504 1443 682 1514 adversarii
700 1469 767 1514 non
789 1439 851 1516 ho'c
871 1461 990 1534 agunt,
1020 1459 1059 1514 ot
1082 1443 1232 1515 honestior

209 1574 211 1582 ‚
251 1543 285 1602 et
305 1525 539 1602 sanctissimam
561 1527 764 1598 voluntatem
787 1528 995 1625 Imperatoris
1022 1527 1195 1610 ad'uvent,
1216 1551 1233 1592 st

251 1639 312 1686 uos
334 1636 468 1710 quoquo
498 1613 598 1684 modo
629 1612 826 1708 opprimant.
868 1614 920 1683 lie
945 1629 1034 1683 statu
1054 1557 1233 1685 dcclesiaer

251 1699 345 1792 signa
368 1699 543 1772 ostendunt
568 1721 623 1770 cos
647 1719 764 1792 parum
778 1697 935 1770 sollicitos
957 1721 1037 1769 esse.
1080 1699 1227 1770 Nondant

153 1851 160 1872 ,
250 1809 353 1868 ram,
369 1799 406 1854 ut
422 1795 511 1885 extet
525 1783 614 1886 apud
628 1781 794 1880 populum
818 1801 905 1854 certa
929 1785 1094 1880 quaedam
1117 1805 1233 1881 summas

124 1891 146 1950 ᾗ
248 1886 374 1939 matum
387 1867 698 1938 Ecclesiasticorum.
740 1867 934 1940 Manifestos
950 1867 1069 1938 abusus
1092 1893 1175 1940 nova
1189 1883 1233 1934 etn

248 1968 317 2024 tata
330 1945 514 2024 crudelitate
526 1950 713 2024 defendunt.
741 1951 857 2023 Nullos
873 1945 1042 2048 patiuntur
1054 1953 1090 2032 in
1103 1949 1228 2025 Ecclesiis

247 2061 329 2110 neos
344 2037 502 2108 doctores.
543 2039 633 2111 Haec
649 2047 714 2132 quo'
729 2050 891 2134 spectent,
919 2035 1001 2108 boni
1012 2037 1074 2108 viri
1088 2034 1181 2108 facile
1195 2033 1233 2102 'uli

273 2137 396 2194 ossunt.
437 2121 503 2192 Sed
527 2115 588 2192 hac
608 2119 662 2192 via
685 2145 791 2217 neque
821 2145 881 2194 suo
900 2147 1022 2214 regno,
1052 2146 1161 2218 neque
1179 2062 1233 2192 dett

165 2233 167 2240 ·
194 2261 196 2266 -
244 2147 333 2280 isne
348 2205 527 2278 consulunt.
557 2211 645 2276 Nam
659 2203 837 2278 interfectis
853 2206 950 2278 bonis
965 2207 1168 2292 doctoribus,
1184 2225 1233 2298 oppr

247 2297 328 2364 saria
338 2290 520 2391 doctrina,
539 2305 654 2385 postea
669 2287 806 2362 existent
826 2287 958 2362 fanatici
980 2286 1139 2389 spiritus,
1169 2311 1225 2385 quos

194 2455 197 2460 Δ
272 2391 403 2448 ottmnt
431 2401 610 2468 reprrmerc
641 2371 839 2461 adversarii,
876 2375 934 2470 qui
962 2392 995 2448 et
1017 2376 1192 2449 Ecclesiam
1212 2372 1233 2468 it

244 2404 458 2556 dogmatibus
471 2454 719 2553 perturbabunt,
733 2477 773 2535 et
792 2469 894 2532 totam
911 2459 1171 2534 Ecclesiasticam
1184 2457 1232 2556 poll

245 2561 407 2625 everterat,
439 2565 541 2638 quam
565 2552 634 2618 nos'
648 2543 788 2624 maxime
811 2546 961 2642 cupimus
982 2567 1180 2618 conservare.
1211 2543 1232 2632 ll

243 2649 295 2716 te,
333 2629 458 2723 optime
482 2631 663 2726 Imperator
692 2625 829 2714 Carole,
861 2647 995 2725 propter
1026 2629 1165 2722 gloriam
1189 2627 1231 2697 Cli

147 2793 150 2816 ι
243 2740 345 2814 quam
355 2710 446 2812 nihil,
454 2713 640 2782 dubitamus
655 2731 686 2786 te
700 2741 817 2810 cupere
832 2739 946 2784 ornare
971 2733 1070 2811 atque
1096 2729 1230 2808 augeret

242 2819 336 2887 mus,
357 2822 400 2868 ne
416 2795 567 2866 molentis
580 2797 725 2883 consiliis
741 2799 1004 2870 adversariorum
1018 2817 1196 2884 nostrorum
1206 2815 1229 2862 at

242 2881 347 2978 tiaris,
371 2875 429 2955 sed
442 2893 480 2950 ut
495 2902 633 2981 quaeras
650 2882 733 2986 alias
747 2883 898 2955 honestas
911 2884 980 2954 vias
995 2885 1182 2957 concordiae
1191 2881 1229 2950 tat

240 2966 443 3054 stilucndao,
471 2989 512 3066 ng
535 2989 612 3062 prae
640 2963 855 3040 conscientiae
879 2985 1071 3068 graventur,
1101 2996 1176 3041 neve
1192 2977 1228 3062 stt

109 3131 126 3146 ‚
190 3109 195 3134 .,
219 3051 352 3150 aliqua
367 3045 791 3137 in-homrnesiouoocntes,
818 3053 1069 3124 sicuthactenus
1086 3051 1199 3124 fierivi
1225 3055 1227 3066 ⁴

239 3150 433 3220 exerceatur,
454 3153 535 3206 treve
546 3159 626 3237 sana
640 3137 786 3238 doctrina
802 3137 836 3206 in
847 3136 995 3208 Ecclesia
1009 3141 1206 3234 opprimatur.

111 3283 113 3292 .
233 3221 384 3296 'officium
397 3225 469 3292 Deo
481 3239 622 3294 maxime
638 3247 784 3294 nmmum
798 3223 905 3306 debes,
927 3246 1040 3295 sanam
1058 3221 1215 3296 doctrinan

237 3331 365 3379 servare
383 3323 416 3376 et
428 3327 609 3406 propagare
622 3307 664 3378 ad
678 3323 827 3402 posteros
834 3359 845 3391 ,,
873 3323 906 3378 et
921 3308 1096 3380 defendere
1111 3323 1187 3378 recta

215 3404 296 3473 tes,
338 3391 377 3460 Id
394 3404 482 3460 enirn
522 3391 760 3475 ostuletDeus,
788 3413 862 3461 cum
876 3397 983 3485 Reges
1000 3411 1098 3464 ornat
1114 3389 1191 3462 nomi

235 3491 271 3550 et
291 3479 381 3549 Deos
402 3497 486 3570 appe
512 3479 564 3559 at,
593 3473 765 3570 iuquiensz
800 3481 874 3631 Ego
896 3474 983 3558 dixi,
1011 3477 1071 3548 Dii
1090 3477 1179 3558 estis,

232 3560 383 3646 divinas,
411 3557 474 3630 hoc
488 3565 554 3644 est,
583 3558 800 3650 Evangelium
858 3555 953 3630 hristi
971 3561 1007 3630 in
1030 3564 1125 3646 terris
1146 3582 1194 3630 con

190 3693 192 3698 .
232 3641 454 3752 etpropagari
467 3655 591 3724 curent,
614 3650 813 3740 ettanquam
825 3639 1017 3718 vicarii-Dei
1030 3646 1129 3718 vitam
1143 3661 1171 3716 et

231 3737 452 3806 moerentium
469 3726 672 3802 defendant.-

388 3945 447 4033 De
476 3973 632 4060 utraque
663 3953 786 4058 specie
819 3949 969 4032 coenae
999 3960 1154 4034 Domini.
1211 4000 1214 4009 ·

155 4178 158 4190 ’
237 4153 240 4159 ’
295 4156 380 4226 'Non
396 4165 503 4252 potest
517 4151 678 4239 dubitari,
709 4139 790 4250 quin
837 4155 904 4226 ium
918 4147 979 4240 sit,
1013 4172 1046 4232 et
1067 4165 1195 4230 conscnlt

143 4253 146 4260 '
220 4239 421 4352 institutioni
442 4239 589 4330 Christi,
614 4261 646 4344 et
670 4239 776 4342 verbis
825 4241 914 4332 auli,
941 4243 993 4318 uti
1011 4259 1145 4340 utraque
1157 4255 1200 4332 ptr

699 4425 701 4432 t
1015 4425 1018 4435 t
