2610 4892
176 323 252 424 4932
408 309 412 320 ’
502 313 768 448 Ι(ὶίιῒοοίιῖὲιιιιιε
783 318 919 442 major.

24 567 36 594 .,
150 511 153 518 ’
180 491 269 578 utilis
279 495 503 594 e'ssenequeat.
526 497 1058 596 Quamobremuequaqna'mrecte
1069 497 1192 570 deurit.
1209 503 1265 570 Ne·

182 615 247 686 que
263 590 347 658 enim
359 589 451 671 navis
468 585 640 678 frangitur,
664 587 794 679 quando
812 583 1037 674 (ut'diximus)
1054 583 1115 668 Dei
1133 584 1267 662 ordoseu
1292 595 1293 644 l

184 673 386 753 constitutio,
400 686 507 741 etnon
520 688 672 750 nostrum¹
682 697 765 766 opus
781 687 838 740 est
861 670 947 740 Illud
957 697 1035 740 vero
1051 693 1116 736 non
1126 668 1269 739 ruroheri
1292 701 1293 708 ¹

124 833 126 839 ,
224 760 286 842 let,
309 774 347 827 ut
365 756 509 828 labentes
533 755 738 836 excidamus
777 761 854 826 Jam
876 758 905 824 si
929 755 1003 848 quis
1029 750 1212 836 exciderit,
1228 753 1267 820 ille

145 893 149 902 «
184 785 406 937 iiitopcrarn,
429 857 466 908 ut
489 842 610 910 iterum
634 841 780 924 adnatet,
810 839 949 934 huicque
968 839 1203 922 adhaerescat,
1222 840 1267 908 do-

186 957 246 1000 nec
263 927 380 997 iterum
401 928 437 994 in
452 929 575 1024 navem
586 925 783 1028 recipiatur,
816 925 918 1022 inque
941 949 980 998 ea
1004 925 1127 994 iterum
1143 921 1269 1020 perinde
1293 925 1294 972 l

186 1030 351 1094 versetur,
375 1027 411 1079 ut
426 1037 571 1104 primum
585 1027 761 1106 inceperat.
891 1011 895 1031 '
1116 1039 1151 1088 ,ν

271 1103 321 1166 lte
351 1089 418 1188 jelm
437 1095 567 1194 'liquido
598 1095 749 1166 omnibus
785 1111 988 1189 compertum
1025 1118 1094 1169 esse
1123 1093 1270 1174 arbitror,

111 1249 113 1254 .
188 1179 469 1284 quampraeclara
485 1179 737 1250 acmirihcares
757 1180 799 1250 sit
821 1181 1033 1274 Baptismus,
1063 1177 1211 1272 eripiens
1228 1203 1272 1246 nos

130 1315 133 1322 ·
188 1263 504 1344 ariete-diabolico,
518 1270 631 1334 -Deum
645 1265 741 1335 nobis
757 1290 817 1361 pro
844 1265 929 1332 rium
947 1263 1087 1346 iaciens,
1099 1282 1272 1356 *peccatum
1294 1281 1295 1338 t

151 1410 154 1418 .
189 1351 378 1448 opprimens
395 1367 427 1418 et
445 1349 614 1436 auferens,
636 1349 752 1419 deinde
771 1352 806 1418 in
819 1291 888 1420 dies
910 1348 1057 1440 singulos
1074 1373 1206 1418 nevum
1227 1348 1273 1415 ho
1294 1341 1295 1388 t

79 1447 81 1453 ’
111 1436 114 1460 ’
189 1436 311 1512 minem
328 1433 519 1518 fortificans,
542 1461 671 1530 semper
687 1437 783 1520 etiam
797 1433 917 1505 durans
940 1450 1208 1528 etpermancns,
1228 1435 1272 1501 do-

5 1523 10 1534 *
189 1547 249 1596 nee
262 1547 301 1590 ex
315 1519 377 1590 hoc
392 1518 489 1589 exilio
504 1519 631 1614 erepti,
653 1520 694 1589 ad
711 1517 926 1588 immortalem
949 1516 1092 1608 gloriam
1118 1518 1272 1610 migrave-

190 1606 306 1678 rimus.
343 1610 432 1702 ,Eam
450 1605 492 1674 ob
508 1631 578 1673 rem
593 1603 708 1700 cuique
723 1605 911 1700 Baptismus
926 1602 972 1672 ita
982 1601 1153 1673 habendus
1170 1621 1232 1686 est,
1250 1619 1275 1671 ut

191 1691 328 1762 amictus
352 1689 580 1784 quotidianus,
635 1715 678 1759 uo
694 1689 824 1760 indutus
848 1715 916 1758 sem
942 1689 977 1758 ¹er
1000 1687 1097 1758 dehet
1117 1687 1273 1766 incedere,

178 1789 230 1846 ut
251 1799 421 1868 nunquam
442 1798 509 1842 non
534 1773 569 1841 in
590 1713 653 1842 fide
673 1777 806 1868 ejusque
827 1773 912 1842 fruct
950 1797 988 1840 us
1011 1771 1221 1854 inveniatur,
1251 1789 1276 1840 ut

193 1858 339 1934 codrcitis
353 1858 467 1926 veteris
483 1857 623 1930 hominis
643 1857 941 1952 concupiscentiis,
961 1859 998 1924 in
1012 1881 1097 1930 novo
1111 1855 1274 1928 adolescat.

192 1945 231 2016 Si
252 1945 338 2011 enim
361 1941 542 2010 Christiani
557 1942 722 2036 perhiberi
743 1941 994 2022 contendimus,
1022 1939 1274 2037 Baptismi·0pus
1296 1959 1297 1984 ¹

148 2059 150 2066 ¹
194 2026 308 2102 sedulo
324 2026 418 2098 nobis
429 2027 641 2100 exercendum
655 2043 713 2111 est,
730 2028 824 2096 unde
841 2023 1020 2096 Christiani
1037 2026 1275 2120 appellationem

193 2135 427 2208 promeremur.
486 2113 524 2182 si
547 2111 619 2208 quis
642 2129 752 2184 autem
780 2109 952 2194 exciderit,
991 2109 1050 2204 ille
1073 2113 1216 2182 ‘accedat
1238 2111 1275 2180 ri·

195 2194 325 2268 cissim..
372 2197 457 2268 Nam
481 2196 756 2292 quemadmodum
779 2195 948 2288 Christus,
982 2195 1092 2264 omnis
1111 2197 1240 2285 *gratiae
1256 2213 1277 2266 et

196 2297 229 2350 et
242 2277 483 2362 miseridordiae
500 2281 604 2365 sedes,
625 2308 692 2351 non
706 2279 809 2362 cedit,
831 2302 937 2374 neque
959 2273 1068 2352 obstat
1088 2282 1187 2350 nubis
1212 2310 1277 2376 pro-

91 2405 94 2410 *
195 2363 312 2438 bibens
329 2364 448 2434 iterum
463 2365 586 2436 adsere
603 2367 774 2449 accedere,
793 2381 980 2459 quanquam
997 2383 1165 2460 peccantes
1181 2367 1277 2438 ballu-

136 2513 142 2524 ,
197 2449 422 2524 einemu'reita
438 2465 567 2545 quoque
582 2451 809 2522 universorum
831 2450 994 2522 bonerum
1015 2475 1153 2520 suorum
1181 2471 1212 2523 et
1228 2456 1277 2522 do-

196 2556 317 2606 norum·
333 2532 501 2606 thesaurus
523 2535 730 2604 inconcussus
753 2552 930 2627 permanet.
972 2539 1051 2602 Jnm
1074 2540 1278 2630 quemadmo

198 2617 277 2690 dum
291 2617 390 2692 semel
402 2617 436 2685 in
451 2625 500 2691 Ba
526 2619 619 2690 tismo
639 2636 843 2718 peccatorum
866 2619 1137 2690 condonationem
1156 2623 1278 2694 assecuti

198 2726 328 2792 sumus,
349 2707 395 2770 ita
412 2723 482 2802 eae
532 2730 570 2774 nc
587 2705 731 2798 quotidie
750 2718 934 2858 pprmhneh
959 2705 1115 2859 puamdiu
1141 2709 1278 2789 vivimus,
1298 2715 1299 2750 ³

197 2784 325 2875 horest,
340 2785 442 2859 donec
456 2813 492 2856 m
505 2791 598 2860 terris
609 2805 748 2862 veterem
781 2815 971 2870 ominemco
986 2788 1278 2864 lodrcumserimus.

211 2933 228 2988 t
311 3023 314 3030 ,
427 2910 493 3006 on
520 2894 1069 3040 sacesmnnroemnms.

160 3127 163 3140 ,
284 3057 572 3146 Quemadmodum
588 3057 741 3133 hactenus
754 3059 797 3131 ‘do
810 3061 981 3153 Baptistno
1000 3059 1223 3144 disseruimus,
1242 3063 1278 3132 ito

201 3139 266 3214 ‘om
280 3142 378 3212 nobis
395 3143 547 3239 deinceps
560 3146 599 3214 de
609 3146 748 3216 secundo
757 3169 898 3246 ¹quoquo
909 3139 1120 3218 Sacramcirto
1131 3145 1277 3218 disseren-

198 3169 362 3308 domest,
385 3253 502 3321 nempe
517 3229 557 3296 de
571 3228 622 3300 his
637 3229 742 3301 tribus
767 3232 926 3324 partibus,
949 3229 1028 3322 quid
1044 3231 1105 3312 sit,
1131 3231 1210 3326 quid
1224 3231 1276 3300 uri

199 3309 303 3383 litatis
319 3311 436 3383 afferat
448 3316 671 3398 sumentibus,
691 3308 825 3412 insuper
839 3314 957 3416 quibus
972 3308 1147 3386 fruendum
1165 3333 1218 3385 ant
1233 3341 1277 3382 su-

199 3395 362 3466 mendum
376 3397 441 3469 sit*
489 3401 530 3467 ht
554 3423 595 3470 ue
616 3399 695 3472 baec
726 3398 838 3469 omnia
861 3399 964 3492 ipsius
983 3399 1166 3494 scripturae
1187 3399 1276 3472 verbis

201 3480 387 3584 eonhrmata
408 3424 710 3576 eomprdbahimus,
733 3483 851 3582 quibus
866 3507 885 3551 a
903 3482 1037 3555 Christo
1061 3487 1140 3576 jam.
1154 3484 1226 3558 inde
1245 3481 1275 3551 ab

179 3579 297 3652 ,rnrho
310 3580 495 3638 institutum
511 3585 568 3647 est.
612 3575 700 3640 Haec
723 3569 875 3640 e'urdern
896 3567 997 3640 cnivis
1020 3569 1211 3643 Christiano
1231 3593 1275 3638 ro·

17 3693 21 3700 ·
87 3679 120 3724 ,·
243 3649 496 3750 hscendasunt‘,
527 3651 737 3752 quiquidem
785 3649 960 3724 brisiiauus
976 3653 1275 3737 essecontendit‚‘rt

199 3672 301 3824 gilles
317 3737 518 3832 ,Sacramenti
532 3738 621 3832 cupit
643 3763 711 3810 esse
727 3751 731 3758 ’
757 3737 905 3834 articeps.
945 3741 1072 3838 'Neque
1092 3741 1179 3813 enim
1198 3736 1273 3808 nobis

201 3833 250 3918 pst
271 3841 400 3922 animus
418 3820 556 3926 posthac
577 3763 769 3894 admittendi
794 3823 991 3916 quemlihet,
1021 3839 1078 3896 aut
1099 3825 1275 3923 quibuslibet

119 3963 123 3972 ,
183 3901 288 4001 ιιΙΙιιά
303 3903 573 3989 admrmstrandi,
597 3906 841 3998 ignorantibus,
862 3908 942 4006 quid
963 3905 1018 3977 hic
1039 3926 1214 4006 quaerant,
1232 3917 1274 3975 aut

145 4051 162 4068 ,,
202 4009 301 4086 quam
317 3987 444 4060 obrem
458 3991 624 4064 accedant.
669 3991 845 4064 Caeterum
860 3993 960 4064 rerba
972 3991 1051 4064 baec
1065 3999 1158 4067 sunt:

199 4136 203 4144 ’
300 4109 619 4216 Dominusmster
636 4117 656 4188 J
660 4139 743 4194 esus
758 4109 937 4209 Christus,
948 4119 986 4193 in
1002 4141 1076 4218 qua
1092 4135 1197 4196 nocte
1212 4130 1274 4192 tm-

195 4209 378 4314 ‘debatum
391 4219 539 4320 *aceepit
552 4231 704 4324 panno,
732 4231 768 4296 et
791 4221 1074 4324 gratiasagens,
1099 4221 1219 4328 fregit,
1248 4230 1275 4288 et
