2610 4900
143 349 145 354 '
210 353 285 429 316
555 348 807 434 catechismus
825 349 957 450 maier.

10 583 11 624 ,
90 519 93 538 ,
122 595 130 620 ,
208 535 367 628 tpicitur,
400 557 501 630 quam
522 503 756 616 ‘confidentem'
770 557 880 614 secure
896 549 936 606 et
954 531 1136 614 intolenter
1157 531 1283 606 hiscere-

206 619 271 692 bue
289 619 492 702 abundantee
525 643 623 708 agere
646 617 793 693 soleantr
831 622 945 702 curent
966 643 1068 714 quam
1094 619 1283 712 desperanter,

232 729 310 776 uem
323 705 452 796 abjecte
466 721 499 780 et
511 700 698 791 humiliter,
723 703 844 798 quibus
855 703 937 778 baec
949 719 1007 776 aut
1022 730 1088 776 non
1102 705 1235 788 adsunt,
1245 721 1283 774 aut

207 814 231 862 a
244 787 387 884 iquande
406 813 482 860 casu
504 788 640 862 fortuite
663 785 906 870 subtrahuntur,
949 791 1066 878 Quare
1082 787 1203 878 iterum
1224 789 1283 870 die,

209 869 300 967 quod
313 899 389 946 vera
406 872 511 966 hujus'
519 869 696 966 particulae
712 872 957 967 interpretatio,
981 879 1092 946 Dehm
1107 871 1232 958 habere,
1245 874 1282 944 ni·

207 959 257 1029 hil
273 958 366 1030 aliud
379 958 440 1041 sit,
467 983 568 1053 quam
580 957 701 1030 habere
715 956 862 1052 aliquid,
894 960 945 1030 cui
968 985 1025 1032 cor
1049 958 1227 1042 humanum
1243 983 1283 1054 pu

206 1044 319 1118 emnia
335 1045 435 1126 fidere
451 1041 572 1128 soleat.
789 1059 798 1128 ζ
1166 1089 1169 1098 -

216 1185 219 1192 ·
290 1130 344 1203 Ad
365 1129 445 1210 haec
465 1126 637 1204 considera
656 1149 799 1230 quaeso,
830 1153 914 1224 quae
938 1155 999 1205 noe
1030 1155 1144 1202 rerum
1163 1143 1283 1230 portent

82 1241 111 1292 .'
205 1215 266 1286 suh
302 1219 433 1310 Papatu
479 1211 646 1286 horrenda
681 1231 833 1290 coecitate
877 1217 1028 1322 percussi
1071 1216 1282 1286 admiserimu.

204 1300 348 1372 Dolebat
366 1297 463 1372 alicui
480 1297 680 1370 denticulnsr
716 1299 949 1393 illepretmut
974 1291 1021 1380 eb'
1030 1297 1195 1384 honorem
1217 1300 1282 1370 dine

203 1383 401 1482 Apolloniae
429 1381 614 1474 voluntario
654 1383 780 1478 jejunio
815 1411 951 1462 tarnem
988 1413 1086 1460 enam
1116 1385 1282 1461 macerabat.

173 1549 178 1556 ,
206 1469 309 1559 (Quod
322 1470 350 1538 si
368 1469 404 1538 in
421 1485 509 1542 metu
526 1485 608 1555 erat,
629 1495 671 1546 ne
689 1471 950 1566 forteppsseesio
965 1497 1025 1542 sua
1039 1471 1215 1568 aliquande
1228 1495 1281 1542 ceu-
1301 1501 1302 1504 ¹

150 1561 156 1592 ⁴
202 1558 356 1647 flagraret
374 1555 542 1628 incendior
599 1551 786 1632 rotinusin
805 1557 973 1640 Laurentii
993 1556 1179 1630 clientelam
1198 1577 1279 1648 aepa-

203 1639 379 1714 trocinium
394 1655 495 1738 semet
515 1657 566 1708 tra
590 1639 693 1738 ebat..
714 1641 882 1721 Metuehet
901 1641 1023 1746 aliquit
1046 1667 1108 1718 con
1167 1641 1229 1710 ium
1257 1665 1279 1706 e-

203 1726 378 1798 stilentiae:
408 1723 498 1793 ithco
515 1733 716 1832 nuncupatis
728 1726 811 1796 'vetis
829 1727 1067 1820 proleetronem
1083 1727 1129 1800 ad
1176 1781 1183 1800 .
1205 1667 1279 1796 sele

203 1813 355 1896 etianurn,
376 1826 433 1879 aut
456 1808 618 1880 Rechium
631 1807 839 1881 restituebat:
852 1859 856 1870 ι
870 1827 903 1886 et
916 1811 951 1881 id
966 1837 1070 1905 genus
1091 1826 1235 1906 portenta
1247 1825 1279 1878 at

203 1923 267 1992 que
285 1893 543 1972 abominationes
558 1893 831 1984 innumerabiles,
862 1889 983 1992 quibus
999 1897 1116 1985 fiebat,
1152 1912 1189 1966 ut
1213 1893 1278 1990 quis-

204 2009 268 2077 que
289 1978 487 2074 peculiarem
510 1979 623 2060 divum
654 1980 720 2052 sibi
744 1981 919 2054 colendum
950 1979 1108 2072 eligeret,
1146 1982 1190 2056 ad
1210 2003 1278 2072 quen

201 2091 331 2162 pressus
343 2066 531 2134 necessitate
547 2059 656 2159 ‘preces
675 2065 848 2148 fundebat,
862 2067 1100 2167 currebatque,
1146 2071 1215 2134 Huc
1226 2087 1278 2159 per·

120 2224 121 2233 ,
202 2152 309 2224 tinent
323 2150 420 2234 etiam
435 2147 503 2230 illi,
536 2150 594 2243 qui
614 2176 748 2222 ornnem
770 2151 908 2222 modum
929 2149 1019 2222 hisce
1037 2177 1077 2228 tn
1096 2151 1195 2230 rebus
1213 2173 1277 2218 eree·

202 2237 299 2321 dunt,
328 2260 366 2304 ac
383 2261 457 2305 curn
470 2233 615 2311 Diabolo
628 2235 745 2308 ioedus
759 2236 891 2325 ineunt,
923 2252 961 2304 ut
981 2261 1037 2308 eee
1051 2235 1204 2336 ampliter
1215 2234 1277 2312 ditet,

92 2359 98 2370 ·
202 2321 453 2394 autenticarum
469 2337 637 2418 compotes
651 2321 765 2406 faciat,
794 2338 970 2421 autpecpe
992 2343 1014 2392 a
1028 2337 1218 2410 contagione
1232 2341 1276 2413 ser·

103 2455 108 2474 .
200 2421 254 2486 vet
275 2405 457 2490 incolume,
493 2423 551 2478 aut
582 2432 655 2478 rem
683 2408 848 2502 perditam
869 2422 1032 2490 restituate
1065 2408 1164 2506 cujus
1180 2421 1276 2498 genere

87 2547 88 2552 ι
130 2537 133 2543 ,
201 2505 277 2562 sunt
298 2492 535 2574 incantatores,
578 2492 712 2563 venefici
753 2510 785 2565 et
812 2516 865 2564 ma
891 2491 1018 2564 icarum
1045 2508 1172 2572 artium
1198 2501 1276 2586 pent.

197 2579 244 2650 lli
258 2578 346 2653 enirn
360 2601 473 2646 omnes
486 2576 593 2648 cordis
607 2578 659 2648 sui
676 2578 829 2650 fiduciam
881 2578 913 2648 ιο
935 2573 1116 2661 collocant,
1132 2599 1239 2671 ¹quan
1254 2593 1275 2636 n

110 2699 113 2711 ν
199 2687 313 2731 verum
336 2665 463 2744 Deum,
496 2663 537 2730 de
561 2686 628 2755 quo
655 2661 740 2736 nihii
758 2661 841 2734 boui
862 2660 931 2734 sibi
949 2662 1171 2759 persuadent,
1200 2677 1275 2754 neqet

105 2791 108 2799 ‹
200 2745 288 2844 apud
308 2745 403 2814 illum
416 2744 602 2837 quaeritant
612 2746 796 2842 quidquam
810 2745 901 2820 honi.

283 2831 336 2902 Ad
350 2831 438 2900 hunc
453 2831 589 2920 modurn
604 2832 676 2922 jam
687 2830 777 2902 haud
793 2833 930 2904 obscure
954 2827 1150 2920 intelligis,¹
1167 2826 1238 2926 quid
1253 2837 1274 2892 tt

199 2935 357 3013 quantum
379 2916 443 2986 boe
461 2932 633 3012 praecepto
646 2915 822 3009 „exigatum
841 2915 1010 2992 ¹nimirum
1031 2932 1141 3008 totum
1165 2939 1216 2986 cor
1234 2909 1273 2978 ho

197 3003 316 3088 minis,
350 3002 521 3106 omnisque
551 3026 630 3094 erga
651 3007 777 3094 Deum4
810 3017 842 3072 et
861 3000 1026 3073 neminem
1047 3001 1152 3084 alium
1176 2993 1273 3090 fiducie.

177 3094 284 3178 JQue,
298 3105 392 3182 pecto
419 3113 507 3158 eninr
523 3091 614 3158 Deus
635 3085 750 3158 haberi
773 3087 895 3184 possit,
926 3085 996 3181 ipse
1020 3083 1178 3182 perfacile
1200 3097 1272 3154 aese-

196 3199 286 3244 mare
302 3189 414 3268 potes,
443 3173 533 3267 quod
551 3171 797 3275 nequedigitis
806 3169 1028 3266 apprehendi,
1051 3169 1161 3242 necin
1173 3189 1271 3240 mersu*

153 3309 156 3313 -
196 3262 294 3356 pium.
305 3273 342 3328 ut
355 3275 484 3328 moneta
497 3259 613 3340 condi,
638 3283 703 3330 ,nec
719 3284 753 3327 ιιι
770 3273 885 3342 erstem
908 3272 946 3325 ut
958 3281 1036 3328 vasa
1050 3271 1205 3347 argentea
1217 3273 1271 3320 coe·

92 3394 99 3408 ,
197 3342 287 3415 cludi
310 3343 422 3435 possit.
464 3348 513 3412 lta
532 3365 609 3412 vero
631 3340 752 3415 dieitur
771 3337 895 3415 'beheri
919 3356 952 3419 et
976 3365 995 3410 a
1020 3339 1178 3436 prehendi
1197 3341 1271 3434 licut

197 3426 328 3525 quando
350 3425 449 3518 cerda
476 3424 748 3518 apprehenditur,
784 3426 881 3519 eique
908 3423 971 3498 soli
998 3369 1271 3498 hominemne

195 3509 356 3583 constanti
369 3526 469 3604 atque
483 3511 671 3584 inconcussa
687 3511 843 3582 adhaeret
855 3511 983 3583 fiducia.
1012 3512 1187 3600 Caeterum
1202 3501 1270 3604 eorde

195 3595 247 3668 ilii
264 3594 457 3677 adhaerere,
488 3592 575 3664 nihil
591 3595 684 3666 aliud
701 3613 768 3684 est,
822 3619 902 3670 uam
924 3594 1031 3668 eidem
1054 3621 1114 3694 per
1134 3585 1269 3665 ernnust·

195 3683 283 3752 dere.
319 3682 403 3751 Earn
418 3679 546 3750 obrem
567 3680 608 3768 ab
625 3682 777 3750 omnibus
792 3621 879 3766 iliis,
900 3705 985 3778 quae
1000 3699 1087 3752 extra
1098 3679 1194 3770 illum
1206 3685 1269 3748 sut

194 3791 254 3844 nos
270 3781 402 3836 conatur
418 3762 574 3836 divellere
590 3779 687 3859 atque
701 3763 900 3852 abstrahere,
924 3767 1018 3838 etad
1035 3792 1069 3836 se
1083 3765 1198 3846 solum,
1218 3778 1269 3856 tum

194 3851 329 3920 unicum
346 3848 479 3918 illudet
498 3848 685 3920 immortale
702 3852 825 3920 honum
845 3854 907 3934 sit,
922 3849 1119 3934 attrahere,
1147 3869 1230 3944 quast
1241 3835 1268 3908 ad

104 4021 108 4030 ι
193 3931 583 4008 hunemodnmdiceret:
623 3934 1169 4032 Quidquidantehacedivorum
1183 3931 1267 4002 levore

194 4045 231 4094 ac
244 4017 468 4092 benevelentia
483 4018 544 4089 tihi
558 4037 791 4113 proventurum
808 4019 978 4117 pollicitus
996 4045 1048 4103 es,
1079 4035 1136 4088 aut
1156 4016 1182 4086 si
1193 4029 1266 4108 quet?

192 4107 227 4180 in
248 4111 456 4186 biammona,
488 4121 546 4174 aut
559 4103 748 4196 eliisrebus
763 4131 856 4201 spem
869 4123 967 4200 atque
982 4104 1132 4191 fiduciam
1147 4117 1266 4255 reppsffl·

194 4193 252 4277 sti,
284 4216 379 4265 enine
396 4187 478 4258 illud
497 4191 565 4281 jam
583 4189 643 4262 tibi
657 4207 745 4260 certa
760 4185 981 4286 persuasione
999 4192 1039 4260 de
1057 4215 1108 4262 nte
1130 4213 1171 4296 pe
1196 4198 1265 4252 rcere,

194 4301 311 4374 uaeque
328 4293 403 4346 tum
418 4282 488 4346 isso
506 4273 593 4348 haud
611 4274 799 4352 dubitanter
821 4274 1006 4366 existimes,
1039 4273 1095 4371 qni
1121 4273 1177 4348 nti
1195 4265 1264 4338 nte
