2610 4900
210 333 284 408 366
326 311 353 453 Ἰ
416 431 418 439 A
550 329 803 438 catechismus
821 285 952 432 majdr.
993 275 995 284 Ι

163 558 166 588 t
208 515 297 586 illius
313 513 542 584 commercium
560 515 681 592 vitare,
703 537 843 608 eumque
858 505 994 592 misnmi
1015 513 1122 586 facere
1137 503 1227 610 potet,
1241 533 1265 586 ut
1283 559 1284 562 =

207 629 301 681 erem,
324 599 382 694 qui
397 600 530 668 scultro
549 604 733 695 exposuerit
745 600 907 671 dedecori.
950 599 1016 668 Ubi
1031 597 1174 673 enimres
1188 603 1264 670 roaoi-

207 689 290 757 feste
307 685 415 778 liquet
424 685 666 767 omnilms‚'ilii
689 711 729 752 oe
754 711 794 754 ue
812 683 1062 766 obtrectationi,
1092 696 1191 781 neque
1208 687 1264 754 lalso
1285 695 1286 760 ζ

168 771 170 778 ’
208 770 352 864 judicio,
376 795 416 837 ne
444 795 481 838 ue
495 767 658 862 improbis
672 710 806 838 testibus
828 769 919 839 locus
943 768 1157 864 relinquin1r;
1193 767 1286 840 veluti*

208 869 283 928 cuin
303 854 401 924 hodie
455 877 608 942 umanum
629 853 840 937 Pontificem,
869 871 924 924 tan
951 879 1030 938 uam,
1049 853 1265 936 Antichriston,

208 941 309 1012 falsae
331 939 496 1008 ductrinac
523 942 748 1030 coarguimus,
788 963 909 1034 equam
953 937 1007 1008 itis
1027 938 1063 1006 in
1084 939 1183 1026 lunen]
1202 939 1266 1008 libris

208 1025 331 1126 passim
345 1023 540 1114 divulgarit,
564 1039 596 1092 et
611 1049 671 1118 per
692 1039 795 1094 totum
817 1025 931 1093 orbem
954 1023 1155 1094 infinitarum
1173 1025 1266 1094 anima·

206 1137 281 1180 rum
297 1108 396 1176 exitio
414 1107 651 1204 proclamatum
667 1109 899 1178 disseminavit.
951 1109 1018 1178 Ubi
1034 1109 1122 1178 enirn
1138 1125 1265 1202 peccantn

206 1195 419 1266 manifestum
445 1210 511 1277 est,
545 1193 590 1262 ibi
614 1217 680 1263 non
701 1194 825 1294 injuria
848 1211 880 1262 et
903 1219 1010 1287 poena
1028 1193 1195 1270 manifesta
1214 1193 1267 1261 illul

182 1283 184 1290 ’
207 1283 433 1372 consequitur,
451 1295 487 1346 ut
501 1277 607 1374 quivis
621 1277 779 1368 exemptis
803 1279 947 1348 monitus
964 1277 1049 1347 illud
1065 1303 1176 1368 carere
1189 1279 1267 1372 possit

160 1425 162 1432 ,
292 1369 339 1434 lta
356 1366 422 1455 jam
438 1363 539 1454 hujus
556 1367 719 1458 praecepti
740 1388 902 1438 sicennam
926 1379 958 1433 et
979 1389 1182 1433 communem
1200 1361 1267 1431 intel-

205 1448 323 1520 lectum
338 1445 669 1544 partcis‘explictttum
692 1447 869 1530 habemus,
886 1475 940 1518 ,ne
991 1448 1040 1538 tris
1060 1473 1121 1518 suu
1143 1447 1267 1542 proximo,

205 1559 311 1630 aeque
325 1533 433 1603 amico
448 1549 545 1627 atque
558 1531 712 1616 inimico,
733 1531 864 1624 linguae
878 1473 1033 1606 maledica
1072 1532 1218 1606 etulantia
1228 1557 1268 1600 no

205 1636 294 1704 ccat,
314 1645 394 1690 neve
407 1616 493 1688 male
511 1619 550 1688 de
569 1643 608 1687 eo
626 1616 799 1717 loquuturi
820 1621 887 1686 sive
902 1643 1014 1688 rernm
1030 1557 1124 1700 illud,
1143 1619 1204 1687 sive
1216 1641 1268 1686 coe

204 1705 334 1786 fictum,
356 1729 430 1772 curn
443 1727 551 1796 neque
566 1725 604 1770 ex
618 1705 773 1772 mandato
787 1704 821 1771 rd
839 1701 945 1785 faciat,
966 1727 1072 1797 neque
1088 1701 1124 1772 in
1140 1727 1223 1771 usum
1233 1715 1268 1768 ru

203 1788 463 1860 aedificationem
481 1785 642 1881 proximi,
670 1788 728 1857 sed
744 1786 790 1857 iia
807 1811 864 1856 sua
882 1786 996 1877 lingon
1020 1804 1151 1871 utatur,
1172 1795 1204 1856 rit
1223 1790 1268 1878 eju

110 1937 113 1948 ι
205 1873 434 1966 patrocinium.
461 1869 545 1941 rosit
557 1884 595 1942 ac
608 1873 726 1942 serviat
745 1897 850 1966 aeque
868 1869 1050 1957 omnibus,
1080 1873 1122 1942 de
1143 1870 1268 1940 universis

204 1983 243 2028 ac
253 1957 330 2028 item
345 1897 483 2046 singuiis
497 1953 712 2046 honorificam
727 1957 924 2026 mentionem
934 1955 1097 2041 faciendo,
1120 1973 1158 2040 ut
1168 1957 1269 2026 illorm

203 2057 334 2138 peccata
349 2057 383 2111 at
408 2067 446 2112 ue
460 2041 603 2112 descetus
613 2039 754 2112 officiose
770 2058 928 2134 contegat,
950 2043 1053 2114 amice
1067 2058 1201 2124 excussat,
1216 2065 1268 2108 suo

202 2153 269 2222 ,que
282 2127 397 2222 ipsius,
424 2151 523 2197 onore
540 2144 694 2196 'amanter
710 2141 851 2196 exornet.
894 2127 946 2220 dd
996 2131 1065 2202 uod
1087 2123 1269 2221 hac'potissi-

203 2225 296 2280 inum
311 2217 409 2282 cansa
424 2213 623 2309 provocandi
638 2236 800 2292 essemus,
824 2233 925 2305 quam
945 2152 1099 2282 Cleristus
1123 2211 1189 2315 ipse
1209 2209 1269 2277 i'udi-

203 2313 254 2366 cat
269 2298 303 2367 in
317 2296 518 2390 Evangelio,
543 2321 674 2390 quaque
694 2297 835 2391 quodam
853 2296 948 2390 quasi
972 2299 1164 2366 compendio
1191 2292 1269 2364 omnia

53 2459 56 2467 ¹
226 2399 384 2478 raecepta
399 2407 477 2474 erga
499 2381 683 2475 proximum
705 2382 906 2450 observanda
922 2407 1054 2477 compre
1080 2406 1158 2452 ensa
1178 2378 1268 2456 voluit,

102 2483 120 2526 .'
169 2468 370 2562 xmquiens:
410 2466 582 2621 Quidquid
603 2465 792 2550 volueritis,
823 2481 859 2535 ut
880 2465 1001 2538 fatiant
1024 2466 1120 2537 vobis
1141 2462 1268 2542 homines,

201 2551 374 2624 boeotiam
388 2550 578 2622 saciteilrs.
650 2615 652 2620 .
928 2598 930 2614 ·
1050 2625 1053 2630 ,

159 2637 162 2650 ’
209 2651 212 2659 ’
289 2636 503 2722 Quinetiam
525 2651 642 2704 natura
665 2634 737 2731 ipsa
757 2634 792 2707 id
818 2634 958 2744 proprio
980 2659 1143 2730 quemque
1165 2661 1200 2707 co
1233 2653 1268 2700 ort

136 2795 139 2802 ,
199 2719 378 2801 beedmot,
402 2719 679 2814 queamdmodum
696 2720 817 2790 Paulus
838 2747 849 2788 ι
871 2725 1030 2792 tonittt.
1047 2721 1170 2814 inquit:
1222 2742 1268 2786 ero·

200 2807 260 2878 bra
280 2804 448 2901 corporis,
479 2805 563 2898 quae
588 2804 741 2873 ridentur
760 2805 943 2877 infirmiora
969 2831 1057 2889 esse,
1076 2802 1268 2876 necessariora

200 2906 298 2972 suut,
330 2906 363 2958 et
392 2912 476 2986 quae
494 2905 651 2983 putamus
684 2889 880 2990 ignobiliora
912 2915 982 2960 csse
1008 2891 1157 2960 membra
1180 2912 1268 2986 corpo·

98 2972 100 2989 ¹
149 3007 153 3019 ¹
200 2977 266 3060 ris,
284 2971 796 3073 bis‘honoremabundant'rorpm
812 2975 1069 3060 circumdamus,
1102 2985 1267 3070 et'quaeu-

199 3059 336 3137 honesta
350 3075 557 3143 suntnostra,
580 3058 850 3130 abundantiorem
863 3059 1066 3147 honestatem
1082 3059 1208 3130 habent
1224 3061 1267 3126 Fa·

198 3147 299 3229 riern,
323 3145 454 3232 oculos,
476 3168 589 3227 nares,
611 3169 648 3213 os
663 3169 759 3221 nemo
774 3145 933 3234 contegit,
956 3171 1063 3239 neque
1085 3145 1173 3218 enim
1189 3154 1266 3234 egent

172 3244 177 3254 “
198 3247 238 3302 ut
253 3231 420 3312 velentur,
442 3247 479 3300 ut
495 3253 578 3324 quae
591 3254 651 3322 per
664 3253 699 3298 se
714 3229 861 3300 membra
874 3245 950 3303 sunt
972 3227 1199 3302 honestissima
1216 3251 1265 3296 ou-

198 3317 303 3399 nium,
318 3339 401 3409 qnae
417 3313 586 3385 habemus.
610 3315 786 3384 Caeterum
796 3313 1019 3386 infirmissima
1034 3338 1190 3418 quaeque,
1206 3335 1265 3406 quo·

170 3453 173 3460 .
197 3425 274 3470 rum
290 3421 350 3470 nos
375 3399 475 3494 pudet
504 3399 532 3467 si
547 3397 831 3490 eonspicerentnr,
860 3397 919 3468 illa
934 3399 1034 3486 ‘omni
1050 3401 1159 3486 studio
1183 3411 1265 3468 eonte-

198 3499 339 3577 guntur,
361 3482 524 3578 atqnehic
539 3481 671 3578 quidem
688 3505 822 3564 manus,
844 3483 950 3567 oculi,
972 3491 1039 3554 una
1055 3509 1129 3553 cum
1145 3483 1264 3552 universo

166 3601 182 3620 'v
195 3592 336 3666 corpore
350 3567 385 3636 in
393 3567 482 3638 hisce
498 3567 645 3669 tegendis
661 3583 693 3637 et
706 3567 850 3638 velandis
866 3571 1014 3662 occupati
1027 3583 1116 3638 stant.
1156 3573 1221 3636 Non
1232 3587 1264 3632 se

196 3680 254 3725 cers
271 3651 512 3747 nohisquoque
525 3667 611 3723 mter
630 3677 690 3722 nos
704 3651 890 3723 faciendum
913 3664 981 3737 est,
1011 3669 1050 3722 ut
1077 3649 1227 3748 quidquid
1243 3647 1264 3713 in

196 3737 348 3836 proximo
362 3753 475 3808 nostro
489 3761 609 3831 parum
621 3736 721 3806 fuerit
741 3735 959 3809 honorificum
973 3753 1006 3808 et
1029 3737 1208 3820 infirmum,
1223 3734 1263 3800 tu

195 3837 346 3894 accurate
359 3847 571 3904 exornemus,
599 3845 637 3892 ac
650 3822 803 3891 omnibus
818 3823 945 3892 viribus
958 3824 1033 3914 ejus
1057 3821 1174 3892 honori
1193 3837 1264 3906 tuen,-
1289 3893 1290 3898 ,

196 3911 240 3979 do
262 3905 465 3993 serviamus,¹
484 3905 702 4002 opitulemur,
733 3907 806 4000 ejus
826 3906 950 3976 famam
973 3905 1169 4002 ampliorem
1187 3901 1263 3974 lacn·
1288 3903 1290 3992 l

194 4019 286 4077 mus,
310 4008 483 4076 utcontra,
506 3991 671 4100 quidquid
685 3989 738 4060 illi
754 3991 860 4087 possit
874 4009 931 4065 aut
947 3991 1145 4084 ignominiae
1158 4005 1209 4060 aut
1221 3985 1260 4054 dc·
1288 4013 1290 4082 ι

195 4078 311 4151 decori
325 4101 415 4177 esse,
438 4077 582 4172 studiose
600 4075 837 4178 propulsemus.
885 4080 1012 4174 Estque
1022 4077 1188 4172 praecipue
1205 4072 1260 4139 haec
1289 4095 1290 4100 ¹

192 4163 358 4260 praeclara
377 4177 481 4260 pertus
504 4177 536 4231 et
556 4160 710 4246 illustris,
745 4185 829 4256 quac
852 4162 985 4246 omnia,
1022 4151 1258 4256 qrneornqupdt

191 4269 343 4348 monimo
360 4245 456 4322 ductu
468 4245 627 4338 audierit,
641 4245 703 4334 dri
715 4271 786 4322 non
804 4245 981 4322 tuaru‘ltsta
1006 4245 1128 4322 luerint
1149 4243 1257 4336 flamm)
