2610 4892
255 338 262 350 '
336 294 589 420 catechismus
609 325 744 425 major.
841 313 844 326 ¹
1017 307 1093 422 409
1148 401 1151 412 ,

13 507 138 580 breviter
151 511 298 582 omnium
313 510 536 582 calamitatum
546 527 579 580 et
593 508 798 580 miseriarum
814 504 990 598 tragoedia,
1008 478 1096 602 duae
1159 505 1188 534 ’·
1291 571 1292 586 ,

12 594 40 664 ln
64 591 154 663 terris
174 592 347 690 multiplex
372 613 404 668 et
424 593 585 666 immensa
598 609 655 666 est.
705 600 792 664 Nam
813 591 995 675 Diabolus,
1019 617 1098 663 cum.

12 703 69 746 non
82 695 204 749 tantum
217 679 374 766 mendax,
402 681 632 752 verumetiam
653 679 818 750 homicida
841 677 901 762 sit,
922 697 1096 770 nunquam

12 764 174 834 nonnulis
189 763 468 834 insidioseneccm
486 764 700 854 nrachinscur,
716 781 752 832 ut
767 762 875 835 animo
891 787 950 831 suo
966 753 1094 832 moreni

11 863 107 937 gerat,
128 849 221 918 notis
234 849 270 924 in
287 851 491 944 periculosos
508 873 600 920 casus
623 847 863 942 praecipitatis,
891 864 949 917 aot
962 847 1093 936 'damno

13 932 145 1026 corporis
157 933 293 1020 assertis.
335 935 415 1006 lude
430 937 484 1017 fit,
506 949 543 1003 ut
557 933 749 1027 complures.
759 933 860 1002 fracta
878 935 999 1002 cervice
1014 955 1093 1026 per-

11 1015 97 1096 imat,
118 1017 241 1090 multos
258 1020 403 1088 immissa
420 1017 547 1088 insania
564 1018 703 1088 rationis
721 1043 781 1088 usu
798 1016 926 1114 privet,
949 1015 1094 1094 nonnul,

11 1097 51 1168 los
66 1102 98 1168 in
110 1103 206 1174 undis
218 1104 404 1174 submersos
419 1105 576 1184 suffocet,
594 1129 632 1174 ac
658 1091 781 1175 murltos
799 1103 841 1172 ad
862 1119 1003 1172 mortem
1032 1126 1096 1170 vo-

10 1181 171 1257 luntariam
205 1188 338 1259 sibimet
363 1188 624 1260 consciscendam
646 1188 776 1278 adigpt‚
807 1202 864 1256 ant
887 1185 968 1257 alios
985 1211 1096 1282 *quos-

10 1269 87 1374 piam
102 1297 193 1366 casus
212 1275 373 1343 terribiles
390 1274 499 1344 subire
522 1273 706 1366 compellat.
761 1277 872 1424 ilum
895 1271 978 1341 nihil
1001 1269 1094 1362 aliud

11 1379 39 1422 ιιι
56 1356 145 1425 terris
160 1357 257 1427 nubis
271 1377 416 1453 superest
428 1363 555 1452 operis,
577 1381 676 1452 quam
686 1359 771 1427 utin
798 1356 960 1425 csincnter
975 1358 1094 1425 adver-

11 1463 57 1506 sus
70 1441 255 1536 ¹capitalem
276 1443 362 1514 husae
381 1443 510 1514 hostem
535 1469 676 1514 oremus.
725 1441 804 1532 ,Nisi
829 1441 917 1510 enim
938 1440 1096 1530 divinitus

10 1548 281 1624 conservaremus,
308 1553 350 1598 ne
370 1529 501 1604 unicam
524 1529 657 1625 quidem
676 1527 795 1602 horam
817 1528 859 1600 ab
874 1525 1005 1596 'insidiis
1026 1529 1096 1617 ejus

10 1623 62 1687 tuo
81 1635 236 1698 essemus.
552 1663 553 1668 κ
606 1619 611 1636 ’
641 1625 645 1636 ’
764 1621 782 1687 ,’

83 1699 134 1764 Ex
145 1690 199 1767 llis
219 1698 286 1768 'am
304 1698 395 1770 dictis
410 1697 504 1774 facile
517 1697 696 1801 perspicis,
726 1695 895 1792 quomodo
916 1699 1007 1766 Deus
1033 1719 1097 1790 pro

10 1780 147 1850 omnihus
170 1725 287 1867 rodus,
325 1785 425 1854 etiam
448 1785 508 1867 iis,
542 1810 626 1877 quac
651 1781 837 1878 corporales
860 1797 957 1863 sunt,
986 1777 1098 1850 novari
1193 1797 1196 1804 '

8 1863 158 1956 postulat,
179 1877 397 1966 utnusquam
415 1870 520 1952 alibi,
569 1895 645 1938 uam
668 1867 758 1962 apud
776 1893 851 1938 essm
873 1834 1100 1936 unice-ullum
1143 1955 1146 1960 Ι

10 1967 178 2038 quaeratur
191 1970 249 2034 aut
269 1971 454 2050 expectetur
478 1895 662 2022 auxilium
693 1955 869 2022 Caeterum
892 1953 956 2022 hoc
978 1951 1097 2026 ultimo

9 2029 71 2102 loco
85 2041 206 2128 posuit.
249 2041 288 2106 Si
311 2043 398 2108 onim
411 2039 452 2108 ab
473 2041 625 2110 omnibu's
641 2036 735 2106 malis
753 2033 910 2118 custodiri
928 2053 959 2105 ot
975 2035 1095 2106 libera-

9 2118 202 2213 ricupimuu
225 2147 392 2193 necessum
409 2141 466 2208 est,
485 2130 521 2192 ut
534 2141 625 2194 antea
641 2147 761 2192 nomon
771 2124 846 2212 'ejus
861 2121 894 2188 in
908 2119 1002 2190 nobis
1017 2145 1096 2212 san-

5 2201 169 2290 ctificetur,
206 2233 343 2298 regnum
367 2211 438 2300 ejus
462 2235 560 2312 penes
584 2234 644 2278 nos
669 2207 728 2290 sit,
756 2205 918 2282 *voluntas
934 2208 1006 2296 ejus
1029 2209 1098 2275 liat.
1183 2265 1185 2278 .

8 2287 76 2383 llis,
93 2291 247 2392 iuquam,
269 2311 342 2363 ante
358 2311 515 2388 peractis,
540 2311 608 2364 tum
624 2295 755 2362 demum
771 2316 833 2360 nos
849 2315 867 2358 a
883 2290 1032 2384 pcccatis,
1054 2291 1097 2360 ab

7 2375 179 2524 premium
192 2377 371 2463 custodiet,
406 2379 634 2472 praeterca'ab
654 2372 806 2448 omnihus
822 2373 916 2460 aliis,
945 2391 1101 2472 quaeant

6 2456 106 2528 olon
129 2477 187 2532 aut
243 2464 384 2532 rniciosa
398 2463 495 2534 nobis
512 2489 580 2532 esse
595 2478 727 2568 queant.
802 2546 804 2550 .
920 2485 922 2492 ’
1062 2481 1089 2518 ·-‘

40 2624 47 2639 ι
82 2549 131 2616 Ita
146 2483 245 2618 nodis
262 2553 293 2616 n
314 2575 351 2616 us
367 2574 480 2618 omues
495 2563 695 2619 necessitates
709 2557 858 2629 nostras,
879 2543 1000 2640 quibus
1022 2567 1101 2702 pre·
1130 2573 1159 2614 ι·
1215 2587 1217 2594 <

8 2647 141 2714 mamus,
160 2657 300 2785 compen
329 2633 704 2734 iosissimeprpposuit,
733 2659 774 2700 no
796 2655 861 2725 qua
879 2631 976 2700 nobis
995 2657 1030 2700 re
1047 2633 1102 2700 in*

7 2731 160 2802 queretur·
176 2717 399 2819 ‚nogige'ndae
416 2733 581 2810 orationis
602 2717 775 2802 excissatis.
831 2723 957 2802 Votum
983 2715 1019 2783 in
1037 2717 1103 2786 hoc
1156 2803 1158 2808 Ι
1235 2707 1238 2718 ’

7 2807 204 2872 summanus
229 2803 388 2872 orationis
414 2805 476 2874 sita
498 2820 566 2886 est,
595 2819 631 2873 ut
652 2802 756 2870 dicere
782 2827 915 2895 quoque
937 2800 1101 2882 discamus
1144 2817 1151 2825 ’
1195 2827 1200 2834 ·

7 2885 123 2970 Amen:
146 2885 212 2960 hoc
226 2903 284 2970 est,
305 2913 371 2958 nou
388 2889 557 2972 haesitare,
574 2888 908 2957 oratiouemuostraur
926 2903 1013 2958 certo
1032 2909 1102 2955 csse
1194 2941 1195 2948 ι

9 2969 207 3065 exauditam,
239 2989 271 3044 et
292 2972 440 3044 futurum
461 2973 667 3069 esso„,qooel
686 2971 814 3074 precati
835 2995 957 3040 sumus.
1006 2969 1102 3040 Nihil

8 3056 195 3138 turmaliud
212 3073 286 3138 cst,
309 3083 410 3152 quam
435 3085 502 3129 non
524 3057 712 3128 haesitante
738 3055 812 3124 fidoi
843 3057 995 3138 verbum,
1034 3081 1103 3140 non

8 3139 123 3210 orantis
145 3159 289 3226 temore,
320 3143 377 3212 sed
404 3144 552 3226 scientis,
582 3149 692 3212 Deum
711 3165 778 3210 non
794 3139 944 3229 mentiri,
967 3146 1102 3234 postea·
1144 3157 1146 3164 ’

9 3241 98 3370 poam
118 3224 281 3295 audiendi
310 3227 561 3298 facilitatcmlet
590 3226 828 3309 certitudinem
848 3223 1013 3320 pollicitus
1044 3241 1104 3296 est.
1161 3291 1166 3299 ,

26 3331 74 3374 am
90 3311 282 3406 ubicunque
297 3313 371 3381 talis
384 3316 470 3381 fides
481 3339 546 3382 non
562 3330 629 3394 est,
653 3312 706 3388 bic
719 3337 824 3404 neque
848 3333 944 3379 verae
962 3311 1105 3382 orationi
1211 3382 1214 3392 ,

9 3385 89 3490 locus
106 3412 177 3466 esse
206 3412 324 3492 potest.
349 3457 352 3469 ,
376 3401 490 3486 Quare
510 3399 691 3491 perariciosa
741 3396 878 3463 uaedam
898 3391 1030 3465 illorur'n
1056 3411 1105 3466 est

10 3479 125 3566 opruio,
139 3481 187 3550 ita
200 3481 385 3564 orantium,
408 3499 444 3554 ut
464 3507 530 3553 nun
550 3484 692 3552 audeaut
716 3423 821 3549 dunen
845 3506 976 3574 quoquc
1000 3481 1105 3552 adfi-

10 3582 74 3630 nem
90 3565 253 3636 orationis
269 3567 424 3658 adjicere,
447 3566 588 3656 hoclest,
612 3583 699 3637 certo
715 3566 922 3648 concludere,
953 3592 987 3634 se
1002 3591 1104 3643 exau·
1174 3613 1180 3642 ι

10 3643 75 3730 diri,
95 3662 212 3720 verum
233 3651 267 3718 iu
282 3649 382 3721 dubio
396 3667 604 3745 perseverant
620 3654 776 3722 dicentes:
800 3652 869 3736 Qui
886 3675 963 3719 vero
978 3663 1108 3722 tautum
1165 3661 1167 3664 ’

11 3731 85 3802 mihi
103 3757 291 3822 sumerem,
314 3753 350 3804 ut
362 3739 537 3830 jactarem,
555 3743 666 3806 ,Deum
690 3761 780 3806 meas
791 3761 902 3851 prccps
918 3735 1107 3804 exaudivis-
1148 3795 1154 3805 .
1188 3775 1191 3780 Δ

11 3837 57 3899 tt,
79 3846 154 3889 cnm
173 3845 228 3890 mc
243 3838 446 3915 peccatorem
464 3847 532 3904 esse
547 3847 614 3890 non
628 3823 796 3911 ignoremt
829 3833 900 3890 ctos
930 3824 1048 3896 Hu'us..
1059 3820 1125 3890 rei¹

12 3918 195 3990 causaest,
226 3907 317 4000 quod
338 3932 405 3976 non
429 3907 472 3976 ad
492 3907 745 4000 promissionem
766 3906 848 3988 Dei,
878 3903 934 3974 scd
960 3849 1002 3974 ad

12 3994 175 4080 proprium
190 4011 356 4086 suamque
368 3991 562 4080 dignitatem
575 3991 760 4086 respiciant.
802 3991 897 4058 Unde
911 3992 958 4071 fic,
982 4009 1029 4060 nt*
1040 4015 1108 4063 surs

12 4074 215 4144 orationibus
235 4079 343 4146 Deum
358 4093 484 4146 tantum
511 4079 713 4146 subsannent
741 4090 772 4142 et
791 4075 952 4145 mendacii
968 4099 1108 4168 coargu-

13 4171 71 4252 ant.
108 4159 200 4228 'Hinc
216 4179 349 4254 quoquc
365 4157 693 4254 quamlibet-prolixe
712 4174 843 4229 orantes
866 4169 1109 4254 consequuntur

13 4240 109 4329 nhil,
133 4243 419 4352 quemadmodum·
439 4245 534 4334 divus
548 4245 692 4317 lacobus
715 4241 838 4340 iuquit:
874 4245 943 4333 Qui
958 4259 1048 4330 orat,
1072 4243 1108 4316 in
1144 4261 1146 4268 ’
1209 4269 1212 4276 ’

1021 3930 1106 4005 Oplls
1207 3939 1209 3944 '
