2618 4902
154 343 156 350 '
217 373 223 388 v
322 425 325 433 ,
427 333 684 410 Confessiouls.
984 355 1111 432 “loq
1223 355 1232 390 t

27 497 179 596 renititis
203 539 325 592 merces
348 519 502 614 operibus
529 517 686 586 offerturi
710 495 800 602 'Qui
831 536 927 608 parce
954 516 1109 608 seminat„

27 633 109 676 narce
122 621 236 687 metet,
264 603 367 698 etqui
391 602 527 694 largiter
550 603 707 682 seminat,
739 598 872 688 largiter
894 617 1004 680 metet„
1044 602 1105 670 Hic

26 692 97 762 §lare
111 688 225 760 modus
239 688 406 769 mercedis,
427 688 469 758 ad
485 687 619 758 modum
635 685 741 779 operis
756 683 929 756 confertur.
971 689 1104 756 Honora
1133 729 1138 740 ι
1154 717 1156 724 ·

26 793 135 856 narrem
150 789 181 843 et
196 789 352 855 matrem,
382 791 418 842 ut
440 774 482 842 sis
507 773 683 862 longaevus
707 779 949 865 su'penterram.
991 775 1034 840 Et
1052 769 1105 840 liic
1234 838 1238 846 ,

25 858 170 963 proponit
186 857 237 926 lex
252 859 339 925 cert'o
356 857 447 950 operi
464 861 652 925 mercedem.
695 853 910 946 Quanquam*
931 853 1033 946 igitur
1053 854 1103 923 lea
1203 885 1206 888 ·

25 945 68 1034 qis
83 940 225 1036 impletio
241 957 381 1010 meretur
392 941 590 1014 mercedens;
610 933 745 1034 proprie
759 941 845 1008 enim
862 951 983 1009 mer'ces
1000 941 1104 1010 adle-
1195 981 1199 1016 s

24 1025 90 1118 pem
118 1025 282 1121 pertinet;
321 1041 427 1096 tamen
458 1025 642 1095 meminisse
672 1050 733 1094 nos
762 1025 855 1116 Euan
891 1023 937 1093 lii
966 1041 1104 1118 oportet,

24 1113 107 1206 quod
132 1109 234 1204 gratis¹
258 1107 641 1200 offert-justificationem
668 1126 803 1204 propter
827 1111 854 1178 C
879 1111 1015 1198 rislum
1046 1121 1105 1178 nec

24 1197 49 1266 le
72 1224 120 1266 em
165 1196 234 1265 rius
253 1192 411 1272 facimus,
438 1210 495 1262 ant
518 1193 629 1262 lacere
648 1199 839 1288 possumus,
892 1215 968 1264 uam
989 1219 1105 1262 recon-

23 1223 114 1352 ciliati
160 1305 216 1360 co,
246 1277 427 1371 justificati,
458 1296 488 1346 et
508 1277 613 1348 renati
626 1283 857 1370 senense-Nec
869 1219 927 1346 illa
941 1278 1021 1372 legis
1038 1279 1104 1346 im-

40 1365 115 1438 letio
136 1364 276 1460 placeret
299 1367 393 1446 Deo,
429 1361 495 1431 nisi
520 1380 655 1460 propter
681 1364 779 1436 sedem
809 1387 949 1432 essemus
974 1364 1129 1467 accepti„

22 1393 59 1522 it
73 1449 147 1544 quia
159 1447 307 1519 homines
322 1463 458 1545 propter
479 1449 577 1517 fidem
602 1464 678 1516 sunt
702 1446 845 1541 accepti,
876 1447 949 1516 ideo
973 1447 1028 1518 illa
1049 1473 1103 1517 rm

22 1538 127 1606 :beata
141 1533 221 1624 legis
237 1532 388 1626 impletio
426 1531 525 1614 lacet,
557 1549 589 1600 et
602 1530 698 1600 habet
712 1533 892 1602 mercedem
917 1532 951 1600 in
966 1532 1027 1602 hac
1040 1533 1105 1602 vita

21 1639 45 1692 et
62 1636 136 1714 post
148 1611 361 1700 hane'vitam.
438 1616 601 1688 ortamine
618 1615 775 1708 mercedis
787 1616 947 1711 pleraque
970 1617 1035 1687 alia
1054 1619 1106 1686 hie
1206 1667 1208 1673 -

21 1705 113 1774 uiam
135 1702 197 1772 dici
219 1716 367 1808 poterqnt
389 1728 426 1770 ex
448 1717 566 1770 natura
589 1700 693 1790 legis,
724 1727 826 1799 quae,
856 1703 935 1798 quia
956 1701 1105 1792 longiora

20 1804 105 1870 sunt,
136 1785 390 1856 aliornlocoex
416 1785 543 1854 licenda
558 1803 686 1860 erunt..
928 1851 930 1855 .

99 1876 224 1940 Verum
239 1887 356 1958 urgent
368 1813 560 1952 adversarii,
613 1871 679 1939 uod
705 1870 838 1964 proprie
852 1867 1038 1940 mereantur
1056 1873 1104 1937 vi-

20 1975 80 2046 tam
95 1973 260 2028 aeternam
275 1958 362 2025 bona
377 1980 485 2050 opera,
510 1952 586 2049 quia
628 1955 720 2024 aulus
734 1954 813 2024 dicit
832 1962 928 2033 Rom.
944 1963 982 2026 ll.
1015 1957 1105 2025 Red-
1216 1963 1219 1970 '

19 2045 68 2112 det
82 2041 252 2134 animique
266 2041 444 2108 seeundum
460 2065 559 2133 opera
576 2042 657 2132 ejus.
702 2045 799 2108 Item:
839 2042 959 2130 gloria,
988 2041 1104 2120 honor,
1172 2119 1175 2126 ,

19 2145 45 2196 rt
60 2152 122 2221 pax
142 2125 234 2217 omni
256 2125 408 2219 operanti
428 2126 563 2223 bonum.
605 2125 724 2216 Julian.
740 2130 783 2194 l.
820 2125 888 2214 Qui
909 2125 994 2193 bona
1017 2126 1100 2195 fece·

18 2221 109 2292 runi,
145 2211 184 2278 in·
203 2210 469 2278 resurrectionem
493 2226 587 2281 vitae.
610 2256 612 2264 ,
637 2207 752 2282 lllatth.
775 2215 879 2278 XXV.
922 2210 1105 2279 Esurivi.et
1195 2230 1214 2286 ‘x

18 2295 147 2364 dedistis
163 2294 247 2364 mihi
264 2294 476 2375 manducare,
499 2304 557 2362 etc.
600 2293 639 2362 In
654 2295 704 2382 his
720 2293 798 2362 locis
812 2313 844 2364 et
857 2295 1018 2363 similibus
1031 2321 1103 2364 om-

17 2381 131 2459 nibus,
158 2378 331 2471 inquibus
348 2403 448 2472 opera
460 2378 684 2462 laudanturin
701 2377 761 2447 scri
788 2381 898 2461 turiss
915 2403 1045 2461 necesse
1058 2395 1107 2447 est

17 2464 276 2555 intelligerenon
294 2480 417 2532 tantum
434 2479 563 2532 externa
579 2489 697 2554 opera,
712 2527 715 2534 Δ
729 2405 786 2532 sed
805 2465 901 2538 fidem
918 2463 1016 2532 etiam
1032 2490 1105 2533 cor-

17 2549 84 2630 dis,
115 2548 192 2642 quia
207 2548 366 2641 scriptura
389 2573 456 2646 non
473 2547 625 2642 loquitur
647 2551 686 2620 dc
700 2537 883 2644 hypocrisi¹
912 2549 967 2616 sed
990 2551 1031 2616 de
1048 2551 1104 2640 ju-
1208 2549 1212 2557 “

17 2635 102 2704 stitia
115 2633 224 2703 cordis
240 2641 312 2702 cum
335 2633 595 2704 fraudesque·
638 2634 776 2722 Quoties
801 2649 908 2720 autem
934 2631 1105 2702 litinontio
1143 2715 1145 2720 Ι

17 2720 44 2786 le
68 2719 95 2786 is
112 2735 145 2788 et
159 2744 309 2813 operum,
340 2717 505 2788 sciendum
527 2735 594 2800 est,
613 2720 714 2813 ‚quod
738 2721 865 2790 nonsit
890 2717 1106 2802 excludendus
1156 2761 1159 2770 .

17 2747 167 2872 Ciristus
181 2801 349 2872 mediator.
393 2808 424 2871 ls
444 2819 493 2871 est
514 2804 602 2870 enim
620 2805 692 2872 sinis
708 2802 806 2890 legis,
834 2817 867 2872 ct
887 2803 897 2868 i
924 2823 957 2871 se
979 2801 1104 2898 iuquit:
1197 2889 1199 2892 Ι

17 2889 93 2958 Sine
110 2914 163 2956 me
180 2887 265 2958 nihil
278 2886 410 2980 potestis
427 2887 542 2972 sacero-
583 2893 633 2957 Ex
654 2887 716 2958 hoc
733 2887 869 2956 Conone
891 2829 1029 2956 diximus
1045 2913 1105 2957 su·
1171 2911 1178 2928 ·

17 2996 94 3065 pra,
122 2967 262 3063 judicari
275 2997 372 3070 posse
392 2998 503 3042 omnes
520 2971 609 3042 locos
632 2973 671 3042 de
690 2971 868 3074 operibus·
895 2978 1007 3061 Quare
1031 2989 1111 3041 cum'

17 3055 168 3148 operibus
193 3054 338 3124 reddetur
368 3055 436 3128 vita
455 3074 605 3139 aeterna,
629 3059 778 3126 redditur
797 3055 995 3157 justificatis,
1028 3057 1107 3152 quia

17 3165 122 3234 neque
137 3139 221 3208 bene
235 3140 365 3234 operari
389 3158 526 3234 possunt
547 3141 713 3221 homines,
743 3142 806 3213 nisr
829 3141 1017 3232 justificati,
1071 3142 1107 3208 ui

17 3249 28 3292 r
79 3241 159 3292 ntur
172 3223 289 3318 spiritu
306 3223 437 3296 Christi.
479 3232 514 3306 N
514 3253 548 3297 ec
565 3226 635 3295 sine
653 3227 828 3296 mediatore
848 3225 981 3299 Christo
995 3241 1028 3294 et
1043 3167 1107 3296 lide

17 3324 151 3392 uacent>
165 3309 251 3377 bona
270 3333 297 3392 ρ
321 3333 375 3376 era
397 3311 484 3379 'uxta
503 3308 602 3379 illud:
645 3311 723 3380 Sine
746 3313 808 3380 lide
834 3309 1036 3404 impossibile
1060 3327 1120 3384 cst·
1154 3345 1157 3350 ·

17 3393 139 3464 ilacere
151 3398 236 3464 Deo.
310 3399 365 3464 um
380 3337 459 3466 dicit
473 3395 614 3465 Paulus:
646 3398 774 3466 Reddet
796 3393 970 3490 unicuique
992 3419 1124 3466 secum·

17 3475 90 3549 lum
108 3503 208 3572 opera
222 3478 312 3578 ejus,
339 3477 480 3570 intelligi
497 3480 591 3551 debet
607 3506 671 3550 non
689 3497 815 3550 tantum
831 3506 912 3582 opus
929 3493 1105 3562 externum,

17 3566 69 3634 red
86 3563 311 3666 totafjustrtirq
331 3563 381 3636 vel
398 3563 570 3653 injustitia.
593 3615 597 3625 f
614 3565 669 3634 Sic
683 3565 788 3655 gloria
805 3593 824 3636 o
850 3565 952 3634 eranti
971 3565 1105 3645 bonum,

17 3665 147 3732 iocest,
168 3666 269 3740 lusto.
310 3648 452 3720 Dedistis
470 3647 552 3719 milri
571 3651 775 3720 manducare
815 3591 1106 3740 lilructusettesti-

17 3733 165 3802 nonium
177 3733 320 3824 justitiae
334 3733 458 3817 cordis,
489 3750 521 3803 et
541 3735 615 3806 fidei
636 3735 813 3826 allegatum
835 3734 982 3803 redditur
1005 3733 1107 3823 igitur
1191 3769 1195 3778 ·

17 3815 79 3884 rita
103 3834 235 3887 aeterna
253 3816 408 3920 justitiae.
450 3818 505 3886 Ad
534 3817 619 3888 hunc
647 3822 783 3890 modum
817 3818 976 3914 scriptura
1007 3820 1105 3888 simul

16 3899 237 3999 :omplectitur
251 3901 408 3994 lustitiam
422 3901 529 3986 cordis
542 3930 615 3972 cum
632 3903 805 3987 melotibus,
833 3919 865 3973 et
877 3920 971 3996 saepe
984 3903 1105 3974 fructus

17 4002 181 4068 remmat,
208 4003 244 4054 ut
262 3989 302 4061 ab
318 3987 478 4088 imperitis
498 3985 606 4080 ,magis
626 3988 844 4078 intelligatur,
872 4006 903 4057 et
921 4005 958 4057 ut
978 3988 1116 4078 signifl-‘
1171 4037 1174 4043 -
1261 4001 1271 4011 “

17 4087 58 4138 :et
70 4069 200 4163 requiri
216 4095 332 4142 novam
351 4088 452 4142 vitam
467 4083 498 4142 et
512 4072 803 4165 regenerationem,
824 4098 892 4142 aon
907 4071 1104 4168 hypocrisin.
1260 4115 1262 4122 ι

17 4155 62 4223 lit
79 4171 194 4224 autem
208 4159 486 4248 regeneratiofide
507 4158 769 4254 inpoenitentia.
812 4163 916 4228 Nemo
938 4181 1036 4226 sanus
1050 4158 1104 4247 ju·
1163 4173 1174 4179 ·

17 4242 119 4314 licere
131 4239 229 4312 aliter
244 4257 366 4336 potest,
396 4269 455 4315 nec
477 4267 536 4314 nos
560 4242 707 4339 aliquam
727 4241 867 4318 otiosam
888 4240 1116 4330 subtilitatem¹
1177 4313 1178 4320 χ
