2618 4902
91 351 121 400 ’·
160 359 236 441 ,86
567 439 577 468 ¹
643 355 824 458 Apologia
907 377 911 384 ·

187 536 291 608 mittit
314 535 408 608 nohis
433 536 740 620 reconciliationem,
781 553 814 607 et
836 533 1015 630 justitiam,
1055 535 1084 606 si
1103 535 1299 616 credamus}

212 624 278 691 uod
293 627 427 716 propter'
434 621 601 692 Christum
614 623 862 718 propitiatorem
871 639 965 716 pater
973 621 1118 715 placatus
1133 621 1192 702 sit,
1204 621 1290 714 quod

188 648 352 777 donentur
373 707 467 775 nohis
486 707 599 776 merita
620 706 754 776 Christi.
803 708 879 776 ldeo
894 711 1009 775 Petrus
1027 705 1127 800 paulo
1139 721 1228 774 aute
1244 708 1290 796 jo-

172 794 260 875 ¹het,
282 807 320 860 ut
335 790 781 877 accedamusladChristum,
803 805 840 860 ut
855 790 1062 860 aedificemur
1074 815 1112 859 su
1138 813 1177 858 er
1185 791 1290 858 Chri-

187 895 289 948 stum.
339 881 385 947 Et
398 876 507 946 addit:
536 876 605 963 Qui
618 876 789 948 crediderit
802 875 838 944 in
852 901 945 957 eum,
974 901 1042 944 nou
1054 816 1290 954 ‘conlaudetur

121 995 125 1018 ι
171 961 334 1032 4Ι)ἰΙοειίιι
356 979 467 1031 nostra
490 985 559 1031 non
581 961 699 1031 liberat
715 979 781 1030 'nos
802 986 821 1028 a
842 959 1051 1038 confusione,
1086 985 1162 1029 cum
1180 963 1290 1027 Deun

191 1044 315 1142 judicat
339 1063 372 1116 ct
388 1045 497 1138 a'rguit
515 1071 591 1140 nos,
622 1047 679 1116 sed
690 1047 773 1126 ¹{ides
794 1044 831 1114 in
850 1043 1019 1136 Christum
1039 1043 1158 1113 liherat
1178 1041 1222 1110 in
1249 1043 1291 1111 his

217 1130 389 1216 avorihns,
424 1129 504 1224 quia
525 1131 660 1213 scimus,
688 1147 822 1234 propter
838 1129 1005 1198 Christum
1029 1128 1125 1198 nohis
1150 1128 1291 1219 ignosci,

148 1247 152 1256 ’
227 1232 369 1300 aeterum
391 1213 470 1284 hacc
490 1215 650 1284 sententia
672 1219 712 1286 de
733 1215 918 1298 dilectione,
953 1231 1061 1284 sumta
1080 1229 1128 1282 est
1143 1239 1186 1282 ex
1209 1240 1300 1316 pro-r

193 1299 326 1387 rerhiis,
347 1299 406 1369 uhi
420 1298 589 1370 antithesis
602 1300 686 1370 clare
702 1300 861 1382 ostendit,
884 1299 1052 1393 quomodo
1069 1295 1177 1367 intelli
1211 1327 1224 1366 ι
1243 1301 1291 1367 de-

194 1386 287 1456 hcat:
308 1387 433 1454 Odium
446 1386 577 1454 suscitat
593 1388 690 1467 rixas,
711 1401 743 1455 et
759 1384 909 1460 universa
926 1381 1041 1454 delicta
1049 1382 1130 1476 tegit
1144 1321 1290 1454 dilectio.

206 1496 209 1504 ·
280 1471 369 1540 Idem
383 1493 517 1566 prorsus
530 1471 639 1554 docet,
659 1471 749 1565 quod
763 1469 819 1538 illa
835 1467 933 1537 Pauli
945 1469 1103 1538 sententia
1118 1493 1159 1536 ex
1168 1469 1289 1538 Colos-

195 1555 345 1626 sensibus
359 1571 483 1636 sumta,
513 1570 568 1636 ut,
598 1554 627 1622 si
644 1579 726 1647 quae
742 1552 959 1646 dissensiones
982 1551 1177 1635 inciderint,
1204 1554 1291 1622 miti-

219 1659 314 1710 entur
337 1656 371 1709 et
391 1655 626 1732 componantur
647 1638 827 1734 aequitate,
843 1673 846 1680 ¹
861 1653 894 1707 et
917 1637 1147 1708 commoditate
1168 1655 1292 1708 nostra

196 1669 445 1800 ilisscnsiones,
475 1722 602 1817 inqpit,
631 1740 777 1793 crescunt
797 1722 901 1806 odiis,
924 1739 961 1790 ut
976 1747 1029 1791 sae
1055 1721 1248 1792 'evidemus
1264 1749 1290 1791 ct

196 1807 372 1881 levissimis
393 1807 629 1877 offensionibus
648 1807 807 1878 maximas
827 1807 899 1877 fieri
918 1747 1052 1900 tragoed

196 1911 272 1964 rant
290 1896 449 1988 quaedam
465 1890 550 1962 inter
566 1893 606 1961 C.
624 1895 798 1964 (inesarem
815 1910 847 1964 et
859 1897 941 1961 Pom
967 1895 1054 1984 cjum
1074 1891 1163 1962 leves
1184 1893 1291 1963 offen

80 2001 82 2010 ’
197 1978 327 2060 siones,
367 1977 403 2046 in
446 1974 542 2046 uibus
566 1976 594 2046 si
610 1975 701 2048 *alter
721 1977 815 2050 alteri
837 1975 915 2072 paul
952 2003 1008 2046 um
1032 1976 1205 2061 cessisset,
1237 2003 1292 2047 non

152 2077 155 2087 “
196 2062 356 2160 extitisset
375 2003 497 2161 bellum
508 2059 619 2161 riviler
650 2063 708 2133 sed
725 2065 804 2134 dum
821 2080 959 2157 interque
971 2087 1098 2134 morem
1114 2062 1208 2152 gerit
1225 2063 1291 2133 odie

197 2171 278 2230 suo,
304 2173 343 2216 ex
364 2171 400 2216 re
422 2144 538 2230 n'rhrlr,
557 2147 693 2218 maximi
709 2165 818 2218 motus
837 2147 900 2216 orti
919 2163 1003 2218 sunt
1046 2151 1091 2215 ht
1113 2145 1250 2218 multae
1271 2150 1292 2216 in

175 2311 180 2318 .
197 2231 348 2302 Ecclesia
363 2229 511 2302 haereses
526 2247 614 2302 ortae
632 2248 724 2318 sunt,
755 2249 882 2303 tantum
902 2232 978 2302 odio
1001 2229 1187 2302 doctorum.
1238 2241 1292 2302 lu-

1053 1807 1111 1876 iaS.
1164 1808 1291 1878 Incide-

68 2325 70 2336 '
113 2369 123 2380 „
200 2341 264 2416 que
288 2341 355 2386 non
381 2317 421 2415 cle
434 2315 577 2420 propriis
590 2316 734 2400 delictis,
760 2317 819 2386 sed
835 2319 875 2385 de
890 2316 1192 2412 alienisloquitur,
1230 2345 1292 2388 cun

123 2463 126 2470 .
199 2401 420 2486 art,'dileet10
444 2417 526 2494 tegit
536 2401 669 2485 delicta,
683 2402 846 2472 ¹videlicc't
863 2401 989 2484 aliena,
1012 2417 1044 2471 et
1082 2401 1196 2470 uidem
1212 2403 1294 2474 inter

197 2485 367 2570 homines,
393 2488 429 2556 id
447 2503 514 2578 est,
540 2487 666 2578 etiamsi
681 2512 765 2583 quae
783 2486 978 2558 offensiones
994 2427 1166 2568 incidunt,
1187 2504 1293 2556 tamon

199 2571 333 2640 dileetio
350 2569 553 2655 dissimulat,
569 2571 727 2663 ignoscit,
755 2570 856 2653 redit,
878 2596 975 2640 nona
1002 2573 1025 2654 't
1039 2570 1150 2640 omnia
1167 2595 1293 2641 summo

197 2657 282 2750 jure.
324 2661 441 2725 Petrus
459 2656 559 2744 igitur
575 2683 642 2734 non
659 2657 720 2726 hoc
734 2656 820 2737 vult,
844 2657 932 2750 quod
948 2595 1077 2726 dilitrio
1094 2679 1214 2725 coram
1232 2665 1292 2727 Do

198 2757 363 2812 mereatur
376 2739 603 2810 remissionem
620 2758 823 2836 peccantium
834 2785 854 2824 ,ι
874 2742 961 2834 quod
976 2741 1017 2808 sit
1027 2739 1234 2836 propitiatio
1250 2771 1293 2812 er-

198 2822 290 2895 eluso
308 2825 483 2894 mediatore
500 2823 650 2906 Christo;
680 2826 768 2919 quod
783 2835 966 2914 regeneret,
996 2850 1033 2893 ac
1047 2826 1224 2914 justificet;
1250 2827 1294 2897 sed

200 2908 290 3006 qnod
303 2933 382 3002 erga
398 2909 547 2980 homines
560 2935 627 2980 non
642 2910 685 2978 sit
698 2919 848 2991 morosa,
872 2935 940 2980 non
957 2933 992 2978 as
1017 2935 1087 2993 cra,
1109 2935 1181 2980 non
1195 2912 1294 2984 intra·

199 2992 344 3070 erabilis,
358 3039 361 3046 ,
374 2994 465 3087 quod
477 2996 637 3090 quaedam
657 3011 765 3064 errata
780 2997 960 3064 amicorum
1002 2993 1186 3079 issimulet,
1241 2998 1295 3068 uod

197 3103 308 3166 meres
321 3078 462 3150 aliorum
485 3078 583 3148 etiam
596 3079 777 3174 asperiores
792 3079 870 3148 honi
884 3079 1048 3161 consulat,
1078 3079 1163 3148 sicut
1178 3023 1295 3176 reilgi-

197 3163 246 3237 ris
266 3165 424 3267 quaedam
437 3165 604 3251 ,sententia
620 3163 793 3261 praecipit:
815 3169 924 3235 Mores
944 3163 1041 3233 amici
1056 3163 1214 3252 noveris,
1239 3195 1295 3239 nor

197 3250 318 3318 edens.
357 3254 472 3343 Neque
496 3267 616 3318 temere
631 3250 671 3318 do
686 3247 748 3318 hoc
761 3248 1066 3330 officiodilectionis
1084 3247 1185 3319 toties
1203 3281 1304 3348 praes

127 3349 130 3367 ¹
196 3335 325 3428 cipiunt
345 3333 511 3428 Apostoli,
540 3335 629 3429 qnod
645 3332 836 3429 Philosophi
856 3350 975 3404 vocant
995 3337 1178 3404 ἐπιείκειαν.
1236 3346 1296 3410 Νι-

194 3418 336 3488 cessaria
356 3435 405 3488 est
426 3417 512 3488 enim
528 3417 608 3488 haee
621 3419 722 3486 virtus
742 3419 783 3488 ad
803 3415 969 3510 publicam
986 3418 1200 3496 concordiam
1212 3423 1297 3506 ¹reti-

196 3503 368 3585 nendam,·
389 3526 472 3598 quae
493 3529 560 3572 non
582 3518 689 3596 potest
706 3505 857 3588 durare„
876 3502 939 3571 nisi
962 3503 1058 3572 multi
1079 3502 1298 3590 dissimulent,

195 3585 299 3658 multa
313 3587 501 3658 condonent
512 3588 598 3656 inter
615 3613 649 3657 sc
661 3599 822 3690 pastores,
841 3604 876 3658 et
886 3587 1062 3660 Ecclesiae.

282 3677 333 3740 Ex
346 3673 471 3744 Jacoho
488 3670 603 3743 cita‘nt:
625 3671 756 3741 Videtis
771 3673 888 3764 igitur,
934 3673 1003 3744 uod
1015 3699 1053 3741 ex
1068 3671 1235 3766 operibus
1252 3682 1299 3772 jo-

195 3755 355 3826 stilicatur
368 3757 491 3840 homo,
519 3772 551 3828 et
569 3783 636 3827 nou
654 3785 692 3828 ex
704 3758 769 3826 ‘fide
782 3752 864 3827 sola'.
906 3699 1020 3852 deque
1035 3755 1118 3826 alius
1135 3756 1237 3830 locus
1256 3764 1299 3831 ul-

196 3839 250 3909 lus
269 3843 373 3934 magis
387 3859 519 3938 putatur
534 3839 663 3914 officere
683 3859 817 3912 nostrae·
830 3841 1022 3925 sententiae,
1049 3839 1112 3918 sed
1139 3861 1194 3916 est
1218 3847 1299 3919 faci·

116 4003 118 4008 ¹
195 3923 237 3994 lis
261 3943 293 3995 et
316 3926 417 4020 plana
431 3928 611 4030 responsio.
645 3927 763 3998 Sinon
777 3943 909 3996 assuant
924 3921 1101 3998 adversarii
1122 3951 1205 4003 suas
1225 3934 1300 4028 opi·

195 4009 311 4088 niones
329 4011 371 4080 de
384 4011 508 4082 meritis
521 4021 669 4108 operum,
681 4011 798 4082 Jacohi
812 4010 911 4080 rotha
930 4009 1015 4102 nihil
1031 4009 1154 4082 hahent
1167 4013 1298 4087 incom-

197 4095 299 4164 modi.
349 4097 416 4166 Sed
436 4097 619 4193 ubicunque
642 4095 686 4167 lit
706 4093 829 4172 mentio
846 4118 1010 4191 operum,
1035 4098 1238 4173 adversarii·
1253 4103 1299 4171 al·

195 4181 324 4274 lingunt
339 4203 414 4255 suas
428 4180 548 4279 impias
562 4183 750 4279 opiniones,
772 4179 933 4288 quodper
947 4180 1034 4256 tom
1051 4203 1157 4278 opera
1166 4209 1298 4259 merea-
