2618 4902
96 2975 99 2980 Ι
204 2895 275 2966 sine
294 2912 424 2989 peccato
440 2896 539 2966 subiit

114 3589 118 3594 ³
202 3599 262 3647 VOS
285 3601 321 3646 ΥΟ

212 349 261 446 76
658 317 840 450 Apologia

213 498 252 598 ex
266 523 403 634 proprio
416 527 545 610 merito,
566 527 624 598 sed
637 531 676 599 'ex
684 527 747 597 Dei
762 526 908 598 consistit
923 523 1161 596 misericordia.
1200 526 1299 620 Opor

184 689 188 696 ,
211 628 255 682 tet
268 609 369 706 igitur
382 613 493 684 adesse
508 613 604 681 fidem
620 612 724 683 inille
742 610 892 682 inchoata
909 611 988 703 legis
1006 607 1221 706 impletione,
1268 637 1285 676 ιι

99 740 101 744 -
210 711 332 767 statuat
344 721 409 797 nos
418 714 554 792 propter
563 695 730 767 Christum
746 696 866 768 hahere
880 701 986 767 Deum
1028 694 1183 788 letatum.
1239 635 1272 764 h

209 780 430 852 misericordia
449 807 517 852 non
538 799 645 876 potest
664 780 883 880 apprehendi,
909 779 974 852 nisi
992 721 1076 868 lide,
1101 777 1189 849 sicut
1218 803 1284 874 sup

208 866 383 962 aliquoties
401 867 522 937 dictum
536 883 593 937 est.
926 933 928 946 ,
1088 911 1090 916 -

297 954 411 1042 Quare
423 977 496 1022 cum
519 949 715 1035 aitPaulus,
741 950 843 1044 legem
861 948 998 1020 stabiliri
1019 948 1224 1046 perfidem,
1257 973 1301 1014 no

126 1117 136 1124 ν
209 1033 392 1106 solumhoe
405 1035 542 1134 intelligi
558 1062 578 1106 o
603 1051 704 1134 ortet,
724 1035 900 1130 spendide
915 1033 1017 1104 renati
1036 1032 1294 1126 concipiantSpi

209 1123 309 1190 ritum
332 1129 497 1203 sanctum,
533 1138 565 1190 ot
579 1063 728 1192 habeant
748 1136 857 1195 motus
888 1119 1121 1189 consentientes
1145 1116 1221 1220 legi
1247 1118 1299 1186 De'.

208 1206 265 1272 sed
289 1204 392 1277 multo
414 1205 557 1276 maxime
575 1205 727 1276 refert'et
748 1204 811 1276 hoe
832 1204 970 1288 addere,
1017 1204 1082 1270 noel
1102 1217 1237 1271 sentire
1261 1229 1280 1269 n

209 1306 354 1382 oportet,
386 1291 475 1386 quod
497 1291 610 1386 proeul
631 1315 651 1380 a
670 1290 867 1385 perfectione
887 1288 968 1378 legis
988 1227 1143 1357 allisimus.
1201 1291 1241 1374 Q

208 1397 277 1442 non
296 1399 469 1468 possumus
491 1390 651 1458 statuere,
680 1375 769 1466 quod
791 1397 899 1443 coram
915 1377 988 1444 Deo
1008 1371 1085 1465 justi
1107 1389 1298 1466 reputemur.

175 1469 180 1482 '
207 1477 343 1564 propter
358 1477 504 1532 nostram
521 1457 743 1558 impletionem
760 1457 861 1548 legis,
884 1458 942 1536 sed
960 1456 1145 1552 quaerentia
1163 1473 1221 1526 cst
1238 1457 1298 1524 af'

206 1543 416 1648 laetificatio,
445 1560 483 1613 ut
497 1543 689 1616 couscientia
705 1545 761 1614 liat
772 1540 957 1646 tranquilla.
999 1546 1077 1610 Nou
1091 1538 1181 1611 enim
1200 1567 1299 1609 sumn

188 1693 191 1700 .
223 1627 289 1703 usti
309 1652 418 1701 coram
433 1633 528 1716 Deo,
558 1629 660 1699 donce
673 1626 842 1720 fugientes:
864 1627 1006 1710 odicium
1024 1626 1109 1706 Dei,
1130 1624 1273 1708 irascim

92 1779 94 1790 ,
241 1740 307 1785 eo.·
333 1713 544 1784 Sonticndum
559 1731 607 1783 est
623 1711 744 1805 igitur,
775 1655 861 1810 quocl
878 1709 1076 1802 reconciliati
1093 1711 1157 1784 fide
1172 1727 1298 1806 propte

186 1813 189 1822 ⁴
206 1797 378 1871 Christum
391 1798 471 1890 justi
482 1813 693 1894 reputemur,
716 1821 783 1866 non
799 1794 1071 1891 propterlegem,
1093 1810 1153 1866 aut
1172 1811 1297 1889 propte

165 1951 167 1958 ,
205 1907 310 1977 opera
327 1899 457 1972 nostem
491 1883 549 1954 sed
564 1883 654 1978 quocl
666 1881 746 1951 haec
761 1880 912 1952 inchoata
927 1879 1075 1976 impletio
1089 1878 1174 1969 legis
1187 1879 1281 1973 place

205 1983 341 2064 propter
356 1967 465 2036 fidem.
505 1969 552 2036 Et
572 1967 815 2070 quodpropter
835 1967 933 2038 fidem
954 1991 1021 2035 non
1037 1965 1224 2064 imputetur
1246 1965 1296 2042 hot

99 2133 102 2138 ¹
207 2051 299 2148 quod
317 2050 414 2134 deest
426 2049 611 2146 impletioni
626 2049 727 2144 legis,
755 2049 880 2122 etiamsi
895 2066 1083 2150 conspectus
1102 2048 1149 2117 im
1160 2049 1166 2060 ”
1178 2049 1297 2144 uritatis

204 2150 337 2206 nostrae
351 2135 574 2228 perterrefacit
586 2161 657 2208 nos.
706 2140 786 2204 Jam
800 2135 829 2206 'si
845 2151 893 2204 cst
910 2133 989 2204 alihr
1007 2073 1197 2230 quaercnia
1214 2136 1295 2225 just-

205 2219 332 2304 ficatio,
354 2245 434 2313 ergo
447 2235 562 2315 nostra
576 2219 721 2302 dilectio,
743 2235 775 2290 et
790 2233 890 2316 opera
904 2245 970 2289 non
987 2219 1175 2316 justificant.
1224 2225 1296 2286 Lon

205 2329 247 2398 ge
262 2329 362 2402 supra
379 2316 525 2375 nostram
545 2305 764 2390 munditiem,
790 2303 858 2374 imo
882 2304 980 2394 longe
1003 2327 1103 2398 snpra
1125 2302 1136 2370 i
1165 2327 1244 2371 sam
1264 2302 1296 2369 le-

204 2415 280 2481 gem
296 2389 447 2462 collocari
463 2390 581 2462 debent
596 2416 686 2461 mors
706 2406 739 2460 et
754 2388 935 2479 satisfactio
948 2387 1072 2458 Christi
1085 2414 1129 2457 no
1157 2386 1186 2455 is
1203 2389 1295 2456 dom-

204 2491 257 2559 te,
272 2491 324 2546 ,ut
339 2491 536 2560 statuamus,
564 2499 625 2545 nos
645 2489 780 2570 propter
798 2474 889 2545 illem
909 2472 1163 2545 satisfactionem
1186 2469 1294 2542 hahere

203 2560 384 2654 propitium
397 2564 503 2628 Deum
513 2577 538 2642 ,'
552 2585 619 2630 non
632 2584 693 2654 pro
718 2576 768 2628 ter
787 2575 935 2629 nostram
951 2556 1175 2654 impletionem
1194 2553 1285 2646 legis.

288 2647 360 2712 Hoc
375 2643 469 2714 docet
480 2641 605 2712 Paulus
621 2645 665 2712 ad
716 2640 759 2713 al.
773 2647 829 2711 ΙΙΙ.
846 2645 924 2712 'cum
938 2641 1001 2711 aits
1031 2639 1192 2710 Christus
1213 2642 1294 2710 rede

203 2725 268 2798 mit
284 2751 345 2796 nos
362 2751 383 2796 a
400 2725 630 2819 maledictione
648 2726 747 2818 legis,
776 2727 884 2796 factus*
895 2752 956 2824 pro
973 2726 1073 2795 nobis·
1086 2720 1295 2798 maledictum

203 2808 268 2881 hoc
286 2814 357 2894 esti
386 2810 437 2898 lex
462 2812 595 2881 damnat
616 2835 727 2900 omnes
747 2809 914 2896 homines,
947 2811 1004 2913 sed
1029 2808 1201 2889 Christus,
1215 2807 1294 2908 ⁸qu‘e

575 2920 690 2967 oenatn
703 2897 845 2990 peccati,
866 2911 898 2966 et
913 2899 1043 2966 victima
1058 2919 1121 2988 pro
1133 2895 1245 2964 'nohis
1261 2895 1294 2962 ie

204 2995 276 3080 ctus
294 2996 359 3064 est,
381 2977 512 3051 sustulit
523 2920 608 3052 iliud
624 2983 678 3073 jus
692 2979 792 3078 legis,
813 3005 856 3051 ne
871 2991 1008 3064 accuset,
1030 3002 1071 3050 ne
1086 2981 1227 3048 damnet
1242 2979 1293 3052 hos

204 3065 778 3163 quecreduntinipsum,'qnia1pse
795 3083 843 3134 est
859 3064 1048 3161 propitiatio
1064 3089 1127 3155 pro
1143 3063 1207 3145 eis,
1229 3089 1293 3157 pro

203 3165 279 3246 pter
295 3173 395 3304 (priam
405 3177 491 3220 nune
508 3150 587 3243 iusti
602 3165 803 3304 reputantur.
826 3151 913 3219 Cum
928 3165 1037 3244 antem
1050 3145 1129 3241 justi
1146 3165 1293 3247 rjeputpn·

203 3251 275 3319 tur,
319 3261 355 3304 ex
366 3248 449 3310 ,ιιοιι
461 3251 567 3328 potest
591 3259 629 3304 eo
669 3257 837 3316 accusare,
860 3249 894 3304 et
917 3234 1091 3324 damnare,
1121 3248 1294 3302 etramsrrr

171 3365 177 3372 -
204 3321 213 3390 i
241 3343 274 3388 sa
290 3315 358 3412 legi
373 3343 440 3392 non
456 3319 678 3392 satisfecerint
720 3324 760 3387 In
775 3319 910 3391 candem
926 3317 1117 3388 sententiam
1129 3315 1294 3414 ‚scriticat

235 3403 431 3475 olossenses:
452 3411 490 3478 ln
507 3404 643 3475 Christo
658 3401 874 3474 consummati
889 3402 975 3486 estis,
996 3401 1091 3498 quasi
1104 3401 1214 3471 dicat:
1238 3406 1294 3470 Etsi

203 3487 311 3562 adhuc
322 3488 441 3644 procul
455 3489 575 3559 abestis
590 3513 609 3559 a
623 3489 816 3582 perfectione
830 3487 925 3580 legis,
933 3504 1049 3563 ,tamen
1064 3509 1132 3556 non
1149 3483 1295 3558 dannan

336 3573 442 3676 iqniae
464 3573 601 3668 peccati,
636 3572 714 3668 quie
730 3590 863 3673 proptep
877 3570 1046 3642 Christum
1066 3569 1233 3640 habemus
1255 3595 1295 3638 re-

100 3675 104 3682 ·
161 3703 166 3718 1
203 3655 468 3746 conciliationem
482 3674 604 3728 certam
617 3673 650 3726 et
663 3657 809 3750 firmam,
829 3681 858 3728 ss
877 3655 1026 3742 creditis,
1046 3653 1177 3730 etiami
1193 3653 1295 3728 haeret

113 3744 115 3750 ’
169 3821 178 3830 ,
203 3760 370 3842 peccatum
383 3741 420 3812 in
434 3757 668 3818 cernevestra.¹
729 3763 755 3810 ,a
773 3753 786 3761 ”

289 3831 427 3926 Semper
445 3827 543 3898 debet
556 3852 592 3896 ιιι
608 3841 781 3927 conspeetu
801 3847 871 3894 esse
884 3820 1081 3918 promissio,
1109 3807 1204 3918 quod
1218 3829 1296 3896 Dens

44 3921 47 3928 “
160 3928 337 4012 „propter
356 3935 450 3982 suam
469 3912 743 4014 prpmissronem,
778 3925 911 4006 propter
937 3908 1109 3982 Christum
1133 3907 1217 4000 velit
1242 3933 1297 3979 esse

202 4013 382 4091 propitius,
410 3993 495 4067 velit
508 3995 707 4087 Jmtitcarc,
736 4019 804 4066 non
824 4007 960 4096 propter
980 3993 1104 4090 legem,
1131 4008 1193 4063 aut
1208 4017 1297 4090 opere

202 4095 324 4154 nostra.
346 4078 675 4175 lnhaopromissione
687 4081 807 4150 dehent
820 4079 956 4173 pavidae
967 4074 1185 4149 conscientiae
1203 4103 1297 4176 quae

201 4190 274 4235 rere
289 4162 583 4250 reconciliationem
597 4181 629 4234 et
641 4163 918 4255 justificationem,
937 4163 1000 4232 hac
1018 4159 1238 4258 promissione
1251 4163 1296 4230 de

92 4332 96 4339 ,
202 4251 280 4344 hcnt
295 4273 329 4321 se
345 4259 543 4333 susnnmre,
574 4269 612 4320 ec
633 4265 719 4337 certo
741 4246 895 4332 statuere,
924 4247 1018 4344 ¹quod
1037 4246 1176 4318 habeant
1197 4252 1303 4318 Deum
