2548 4906
645 171 660 208 N

202 333 298 468 ⁸sdd
329 483 332 488 Ι
525 359 528 368 ’
651 373 867 480 ‚2dpologla
898 383 902 392 '

227 541 383 633 dicuntur
398 579 536 633 mortem
547 558 701 653 abolere,
732 561 830 632 ctiam
851 585 926 637 curn
941 559 1074 632 fiunt’in
1090 578 1218 656 peceato
1231 589 1258 632 n

212 647 297 722 ¹tali.
333 647 536 720 ,Incredibile
550 663 616 730 est,
646 663 768 742 quanto
789 674 866 718 cum
889 645 1004 718 dolore
1028 645 1088 714 has
1111 647 1258 742 ineptiasa

108 751 112 768 ·
226 733 445 803 versariorum
461 733 633 832 recitemus
642 783 658 830 ⁹.
681 757 763 826 quas
782 731 1026 831 quiexpendit,
1058 757 1125 801 non
1141 749 1258 830 potestr

117 1439 123 1448 “
225 1414 373 1488 tisiacere
391 1414 431 1482 dc
445 1411 655 1483 commissise

226 843 418 904 succensere
431 815 502 886 istis
520 818 677 886 doctrrnrs
693 819 940 888 daemoniorum
949 868 959 898 ‚
968 841 1067 911 „quas
1081 833 1199 917 sparsit
1212 817 1258 886 inl

227 904 326 991 clesia
342 899 508 985 diabolus,
538 919 575 972 ut
590 901 790 998 opprimeret
803 901 1023 993 cognitionem
1038 901 1152 1054 lepos
1170 918 1201 971 et
1214 907 1258 970 Eu

226 989 322 1082 getii,
352 986 587 1081 poenitentiae,
617 1005 649 1057 et
663 987 905 1070 vivificationis,
934 987 1061 1058 etbene
1083 987 1258 1058 ciorumCi

227 1079 281 1144 sti.
321 1079 407 1142 Nam
428 1073 466 1144 de
482 1072 553 1160 lege
568 1072 612 1142 sic
629 1071 755 1142 dicunt:
799 1078 901 1141 Dens¹
914 1071 1177 1145 condescendens
1195 1091 1257 1144 nost

226 1158 420 1242 infirmitati,
446 1155 750 1228 constituithomini
766 1181 954 1248 mensuram
974 1183 1100 1240 corum,
1116 1158 1165 1246 ¹ad
1188 1185 1257 1253 quae

225 1243 416 1326 necessitate
436 1260 579 1324 tenetur,
632 1267 693 1312 uae
716 1259 764 1312 est
784 1241 972 1316 observatio
996 1259 1253 1344 praeceptorum,

226 1331 267 1404 de
283 1327 432 1422 reliquo,
462 1327 498 1396 id
514 1343 582 1412 cst,
608 1268 652 1397 de
668 1354 687 1396 o
713 1330 820 1398 eribus
836 1327 1137 1420 supererogationis
1153 1329 1258 1422 possit:

681 1355 744 1482 liic
760 1414 887 1500 fingunt
901 1411 1054 1490 homines
1073 1409 1181 1502 legem
1205 1417 1254 1484 Dei

194 1557 197 1563 .
225 1500 330 1572 facere
347 1523 462 1594 posse,
491 1498 620 1591 utplus
638 1498 754 1581 otiam,
785 1522 884 1591 quam
897 1497 947 1566 lex
964 1495 1073 1588 exigit,
1096 1499 1205 1568 iacere
1223 1525 1258 1595 pu

213 1607 309 1658 ¹mus:
352 1593 396 1652 At
420 1582 633 1682 ui‘scriptura
653 1583 775 1678 ubique
793 1582 932 1664 clamat,
960 1583 1051 1676 quod
1072 1581 1217 1654 multum
1237 1587 1258 1652 a't

226 1695 301 1739 mus
315 1671 357 1758 ab
382 1609 443 1740 ilia
464 1667 681 1762 permotione,
708 1692 814 1761 quam*
831 1665 886 1741 lex
907 1667 1056 1760 requirit.
1099 1670 1168 1736 Sed
1191 1669 1258 1738 istit

226 1761 332 1847 gunt‚'
358 1753 463 1842 legem
483 1752 547 1821 Dei
571 1769 758 1830 contentam
781 1779 849 1823 esse
875 1768 1006 1822 externa
1025 1769 1059 1824 et
1078 1751 1172 1822 civili
1193 1757 1258 1848 justi

225 1865 292 1914 non
315 1837 425 1908 vident
443 1863 515 1907 eam
539 1837 707 1930 requirere
737 1861 850 1909 veram
877 1835 1087 1910 dilectionem
1107 1836 1175 1909 Dei
1200 1857 1258 1910 ext

225 1925 334 2005 corde,
357 1939 416 1992 etc.
439 1922 595 1992 damnare
609 1938 712 1993 totam
726 1920 1018 2016 concupiscentiam
1035 1923 1072 1990 in
1087 1939 1220 1995 namra.
1251 1931 1258 1990 l

132 2045 143 2058 ·
225 2035 290 2110 que
304 2033 402 2088 nemo
415 2023 542 2078 tantum
558 2007 651 2091 facit,
681 2024 842 2102 quantum
864 2003 919 2080 lex
940 2005 1091 2100 requirit.
1134 2011 1258 2082 Ridicule

224 2092 411 2186 igiturest,
439 2093 529 2188 quod
548 2093 678 2184 fingunt
693 2116 754 2170 nos
767 2089 909 2185 amplius
932 2093 1039 2171 [acere
1053 2117 1163 2187 ppsse.
1210 2101 1258 2184 Qu

226 2202 325 2272 quam
347 2181 433 2248 enim
457 2189 589 2250 externa
611 2202 710 2271 opera
732 2177 839 2256 facere
854 2195 1054 2276 possumus,
1081 2201 1154 2248 non
1174 2183 1258 2250 mant

19 2295 23 2304 ·
110 2331 114 2336 .
223 2263 295 2354 lego
309 2265 391 2346 Dei,
425 2279 534 2334 tamen
550 2263 610 2332 illa
625 2278 675 2332 est
688 2285 780 2339 vana
793 2257 827 2332 et
851 2260 1117 2357 impiafiducia,
1150 2268 1237 2360 quod
1252 2265 1258 2330 l

222 2348 289 2426 Dei
305 2348 347 2420 sit
361 2348 574 2426 satisfactum.
617 2353 771 2418 Etrerao
784 2351 960 2431 orationes,
981 2371 1075 2416 verae
1089 2346 1258 2421 eleemosu

224 2456 300 2506 vera
315 2433 457 2588 jep'lunim
485 2431 886 2533 habentpraecgptaDei3
917 2447 950 2502 et
962 2431 1021 2534 ubi
1045 2429 1169 2533 [nabent
1195 2428 1257 2532 pris*

223 2535 319 2618 ptum
375 2519 421 2602 ei,
450 2544 517 2588 non
544 2535 685 2614 possunt
705 2543 774 2588 sme
798 2521 930 2613 peccato
954 2534 1074 2598 omrttr.
1117 2525 1257 2603 Vernnt

121 2638 147 2663 ι-
223 2629 344 2699 opera,
370 2616 530 2698 quatenus
545 2628 613 2673 non
626 2619 702 2672 sunt
720 2619 893 2698 praecepta
918 2599 992 2694 lego,
1011 2602 1096 2686 Dei,
1125 2606 1187 2674 sed
1208 2605 1256 2673 hats

223 2705 342 2763 certam
357 2687 500 2758 formam
513 2714 553 2757 ex
567 2685 714 2756 humano
727 2686 938 2782 praescripto,
962 2703 1038 2758 sunt
1054 2712 1074 2756 o
1116 2713 1156 2758 ra
1169 2687 1256 2767 tradit

222 2769 554 2854 numinumanarum
583 2773 624 2842 dc
641 2770 761 2867 quibus
778 2771 931 2842 Christus
945 2772 1038 2845 dicit:
1095 2773 1255 2845 rusuaodt

118 2896 121 2902 ¹
222 2883 275 2928 me
289 2855 452 2926 mandatis
465 2855 652 2927 hominum:
680 2873 717 2926 ut
736 2874 821 2927 certa
844 2855 987 2950 jejunia,
1013 2857 1166 2934 instituta
1195 2877 1255 2930 nort

222 2967 354 3016 carnem
368 2943 591 3026 coercendam,
613 2941 669 3013 sed
683 2957 720 3012 ut
731 2967 790 3038 per
804 2941 839 3010 id
852 2967 935 3036 opus
948 2941 1102 3014 reddatur
1116 2941 1254 3014 honoslt

221 3044 259 3098 ut
273 3028 319 3098 ait
329 3031 463 3111 Scotus,
485 3043 517 3098 ct
531 3044 755 3124 compensetur
768 3051 857 3098 mors
870 3043 1020 3108 aeterum
1042 3027 1122 3100 item
1137 3045 1254 3128 certpsr

221 3138 331 3183 merus
343 3137 495 3207 precum,
522 3109 1080 3205 certus-moduseleemosynarum‚
1109 3139 1187 3184 com
1215 3119 1253 3184 rut

221 3215 303 3282 unt,
329 3213 366 3269 ut
377 3197 433 3272 ille
448 3197 566 3268 modus
580 3198 622 3270 sit
635 3197 742 3267 cultus
756 3223 794 3268 ex
800 3223 904 3290 opere
923 3214 1079 3291 operato,
1101 3193 1253 3274 reddenti

220 3310 335 3355 norem
355 3288 448 3366 Deo,
478 3293 511 3352 et
533 3306 746 3377 compensans
771 3297 912 3352 mortem
933 3299 1110 3352 aeternam.
1154 3285 1231 3353 'l'rih

220 3369 308 3438 enirn
323 3367 374 3438 his
389 3395 426 3436 ex
443 3393 540 3462 opere
555 3383 688 3462 operato
703 3367 968 3450 satisfactionem,
987 3367 1064 3468 quit
1078 3369 1209 3448 docent,

196 3501 203 3518 t
220 3452 349 3524 valeant
367 3453 465 3522 etiarn
479 3454 514 3522 in
523 3451 586 3535 his,
610 3451 668 3542 qui
683 3468 759 3551 sunt
776 3451 812 3520 in
830 3469 961 3544 peccato
975 3449 1118 3527 mortali.
1164 3460 1247 3522 Jam

219 3537 351 3630 longius
368 3539 523 3614 recedunt
535 3563 554 3606 a
568 3553 746 3640 praeceptis
764 3538 849 3620 Dei,
877 3535 1174 3640 peregrinationes,
1206 3555 1234 3608 et

219 3649 292 3692 rum
311 3647 429 3715 magna
444 3637 494 3691 est
507 3637 668 3704 varietas,
697 3621 782 3690 alius
795 3620 874 3693 facit
885 3620 1210 3718 stercataphractus,

218 3707 298 3780 satit
313 3707 375 3778 iter
389 3707 485 3778 nudis
502 3706 652 3802 pedibus.
696 3711 785 3778 Haec
799 3722 890 3778 vocat
906 3705 1061 3785 Christus
1087 3707 1223 3792 inutiles

220 3808 283 3876 tus,
309 3817 411 3886 quare
428 3817 496 3863 non
511 3808 648 3885 prosunt
661 3791 704 3860 ad
717 3789 909 3885 placandam
925 3790 1088 3863 ossonsam
1105 3793 1188 3878 Dei,
1211 3821 1230 3863 u

138 3941 144 3956 ,
219 3877 354 3947 versarii
369 3877 557 3970 loquuntur.
597 3881 641 3946 Et
656 3891 765 3956 tamon
780 3874 858 3958 haec
885 3901 985 3972 opera
1009 3877 1196 3969 magnificis

181 4016 185 4030 .
219 3979 401 4045 ornantur,
437 3977 596 4032 vocantur
619 3985 720 4056 opera
740 3961 1054 4060 supererpgationis;
1081 3961 1210 4036 'tribuit

218 4045 342 4131 honos,
373 4047 463 4141 quod
479 4049 544 4116 sint
559 4049 700 4140 pretium
716 4070 777 4140 pro
793 4063 900 4126 morte
921 4063 1062 4130 aeterna.
1105 4053 1160 4118 Ita
1190 4077 1212 4144 p

217 4149 340 4204 runtur
361 4133 516 4238 operibus
545 4141 792 4227 praeceptorum
814 4131 888 4202 Deis
931 4138 970 4202 Iu
993 4129 1082 4204 hunc
1102 4137 1241 4205 modum

216 4218 282 4288 Dei
295 4217 450 4289 bifarram
466 4218 678 4296 obscuratur,
711 4232 743 4290 et
788 4217 842 4288 uia
862 4232 994 4310 putatur
1011 4215 1078 4312 legi
1093 4221 1160 4289 Dei
1185 4244 1219 4288 sa

217 4318 305 4406 etum
330 4328 399 4378 esse
421 4329 478 4399 per
500 4318 633 4376 externa
653 4317 694 4390 et,
707 4241 815 4384 civiiia
845 4326 975 4396 operap
994 4319 1027 4386 et
1039 4305 1127 4408 quia
1151 4305 1218 4376 add
