2618 4902
184 292 185 303 ἵ
233 277 305 408 aad
347 391 363 458 .'
399 333 401 336 ’
446 285 455 340 l
689 333 872 436 ‘Apologia
964 301 966 309 Ι

236 511 314 585 ‘usti
329 537 453 582 sumus.
496 507 601 604 Igitur
613 509 667 580 ¹illi
686 529 810 582 tantum
826 529 901 590 snut
913 510 1055 608 populus
1077 511 1163 604 juxta
1175 513 1264 600 Evangl

250 600 337 682 ium,
367 597 423 694 qui
438 599 529 668 hanc‘
539 596 792 692 promissionem
812 598 946 694 spiritus
967 594 1140 691 accipiunt.
1177 593 1219 664 Ad
1235 595 1264 662 hal

233 681 382 756 Ecclesia
397 700 446 752 est
461 697 597 772 regnum
617 681 756 767 Chrrstr,
781 684 972 767 distructum
988 698 1099 752 contra
1111 709 1145 751 re
1187 679 1264 748 uendit

235 769 319 841 boli.
364 772 502 838 Certum
523 783 572 837 est
595 782 724 852 autem,
756 766 877 871 impios
899 767 935 834 in
961 783 1119 860 potestate
1158 763 1264 848 rabolit

184 907 185 913 κ
236 854 385 924 membra
400 853 494 942 regni
513 850 638 921 diaboli
664 863 761 937 esse,
783 869 867 930 sicut
891 854 986 923 docet
1006 849 1131 921 Paulus
1151 855 1184 922 ,E
1204 849 1264 916 hesl

238 967 311 1011 cum
328 937 389 1012 ait:
423 935 604 1008 Diabolum
618 935 780 1008 efficacem
800 963 869 1009 esse
895 935 930 1006 in
945 937 1133 1008 incredulis.
1171 876 1264 1005 droht

171 1041 179 1049 ‘
239 1041 307 1095 stus
321 1022 430 1118 inquit
448 1023 491 1092 ad
508 1020 727 1106 Pharisaeos,
759 1024 881 1116 quihus
901 1039 984 1092 certe
1005 1038 1076 1092 erat
1088 1035 1207 1110 exterra
1219 1017 1264 1113 sod

237 1127 287 1180 tas
313 1131 388 1178 eum
417 1107 586 1201 Ecclesia,
611 1107 649 1206 ,id
672 1125 741 1190 est,
770 1133 845 1178 curn
878 1107 997 1178 sanetis
1026 1108 1061 1174 in
1079 1134 1123 1202 po
1147 1103 1198 1174 ulo
1221 1103 1264 1191 lege

262 1208 411 1263 raeerant
428 1193 533 1274 enim,
563 1189 807 1276 sacrificabant,
834 1209 868 1262 et
882 1191 1058 1263 docebant:
1129 1217 1162 1261 os
1182 1195 1213 1258 'er
1255 1202 1264 1252 t

119 1326 125 1338 ·
164 1308 168 1316 =
238 1223 478 1372 diaholoestis.
521 1282 637 1373 ltaque
652 1277 810 1368 Ecclesia,
832 1303 916 1373 quae
930 1291 1006 1346 vere
1022 1293 1070 1346 est
1082 1301 1209 1378 regnum
1223 1213 1264 1340 dtr*

121 1389 124 1396 ·
241 1363 305 1447 sti,
338 1381 385 1432 est
423 1362 534 1456 roprie
548 1363 758 1454 congregatio
774 1379 971 1432 sanctorum.
1013 1365 1099 1431 Nam
1113 1359 1264 1460 impiircpt

241 1467 294 1520 tur
309 1471 329 1516 a
346 1387 496 1531 diaholo,
527 1465 560 1518 et
573 1462 651 1516 sunt
664 1448 783 1542 captivi
799 1447 943 1531 diaboli,
964 1472 1085 1524 nonne
1110 1463 1223 1516 unturs
1241 1449 1264 1510 nl

166 1561 168 1570 ’
242 1533 377 1622 Christi.
421 1534 488 1604 Sed
503 1533 586 1628 quid
600 1532 710 1602 verbis
720 1559 803 1628 opus
820 1533 917 1609 estin
931 1557 968 1602 re
984 1532 1072 1624 mani
1090 1535 1186 1618 estad
1214 1469 1264 1598 ill

242 1618 360 1701 elesia,
390 1644 474 1710 quae
488 1644 560 1686 vere
575 1633 623 1686 est
635 1644 771 1708 reguum
789 1617 933 1701 Christi,
963 1615 1175 1708 distinguitur
1195 1639 1210 1682 a
1225 1627 1264 1700 rapt

173 1721 176 1736 ¹
242 1703 363 1773 diaboii
374 1751 392 1787 ,-
410 1728 540 1773 neeesse
557 1719 606 1771 est
622 1700 754 1798 impios,
776 1730 849 1782 cum
867 1702 931 1771 sint
947 1701 983 1769 in
998 1711 1100 1792 regno
1117 1698 1234 1777 diaboli,
1246 1709 1264 1760 nl

242 1815 311 1860 esse
326 1787 519 1858 Ecclesiam.
562 1791 763 1884 Quanquam
784 1787 894 1856 inhae
915 1777 1003 1872 vita,⁴
1017 1791 1103 1940 I<epula
1124 1787 1264 1856 nondunt

130 1893 133 1906 ¹
238 1873 382 1942 velatum
400 1889 448 1942 est
462 1899 600 1962 regnum
617 1873 760 1954 Christi,
789 1871 1003 1944 sintadmixti
1043 1873 1195 1954 telesiae,
1219 1881 1264 1950 eto

112 1987 115 1998 ·
193 2015 197 2032 ,
242 1973 318 2026 rant
335 1957 443 2026 officia
457 1957 493 2032 in
513 1952 677 2030 Ecclesia:
709 1985 777 2028 nee
793 1975 968 2052 propterea
984 1957 1080 2052 impii
1104 1973 1178 2026 sunt
1197 1965 1264 2042 regal

242 2040 388 2130 Christi,
419 2041 497 2138 quia
525 2041 681 2114 revelatio
707 2045 856 2114 nondum
884 2041 968 2110 laeta
993 2058 1048 2111 est.
1092 2045 1219 2136 Semper
1235 2031 1264 2102 etl

142 2199 149 2222 ἦ
241 2126 305 2196 hoc
318 2144 366 2196 est
379 2153 518 2220 regnum
536 2127 691 2212 christi,
703 2129 802 2222 ‘quod
818 2127 936 2222 spiritu
951 2153 1011 2195 suo
1026 2123 1185 2207 vivificat,
1210 2105 1264 2218 stul

240 2211 437 2294 revelatum,
467 2213 534 2282 sive
551 2213 592 2282 sit
607 2230 725 2284 tectum
741 2239 843 2282 cruce.
888 2213 980 2281 Sicut
994 2211 1080 2280 idem
1096 2229 1156 2282 -est
1175 2210 1264 2298 Chaon

244 2295 303 2392 qui
318 2324 406 2368 nune
421 2297 618 2386 glorificatus
635 2314 710 2381 est,
730 2315 825 2368 antea
847 2297 987 2366 afflictus
1004 2306 1082 2365 er'at.
1127 2301 1171 2365 Et
1182 2303 1264 2363 comet

243 2398 304 2450 unt
319 2379 633 2452 hucsimilitudines
655 2383 801 2466 Christi,
832 2382 889 2476 q'ui
918 2379 1001 2451 clare
1025 2381 1103 2451 dicit
1129 2369 1264 2452 Matthll

191 2469 194 2480 ’
242 2469 375 2536 Bonum
402 2493 513 2536 semen
539 2493 607 2536 csse
636 2467 725 2540 filios
743 2467 854 2560 regni,
885 2483 919 2542 at
942 2465 1067 2536 zizania
1097 2467 1180 2537 lilios
1201 2445 1264 2530 diabol

241 2556 367 2642 Agrum
391 2553 469 2620 dicit
487 2553 647 2620 muudum
669 2578 755 2637 esse,
782 2578 851 2622 non
871 2547 1264 2622 Ecclesiam.·1taJ0hant

243 2636 283 2704 de
298 2635 355 2705 illa
373 2652 438 2705 tota
451 2653 544 2728 gente
561 2638 763 2707 Judaeorum
781 2638 941 2790 loepuitur,
968 2653 999 2708 et
1013 2637 1092 2707 dicit
1105 2637 1185 2718 fore,
1204 2647 1231 2699 ut
1240 2637 1264 2718 ‘'‘l

84 2761 86 2769 ·
197 2777 202 2782 .
225 2720 389 2790 'Ecclesia
404 2735 573 2814 separetur
595 2724 635 2793 ab
662 2723 721 2792 illo
740 2745 828 2818 popu
844 2747 874 2792 o.
900 2727 1031 2822 ‚Itaque
1054 2721 1107 2791 hic
1127 2721 1264 2798 locusne

82 3749 96 3764 ⁸
153 3791 162 3814 ‚.
229 3735 400 3821 villamur,
439 3741 494 3809 sed
517 3737 652 3832 dicimus
676 3741 810 3810 existere
831 3741 916 3810 hanc
936 3743 983 3810 Ee

154 2869 156 2874 .
172 2845 175 2854 ,
191 2863 192 2870 ,
241 2819 353 2874 contra
366 2806 567 2889 adversarios
580 2805 669 2890 facit,
688 2831 787 2904 quam
802 2833 862 2902 pro
880 2830 937 2889 ers,
985 2831 1041 2874 ma
1057 2805 1202 2885 ostendit,
1216 2807 1264 2876 vert

241 2905 303 2958 ets
327 2889 491 2958 iritu'alem
515 2893 675 2986 populum
695 2917 714 2960 a
734 2891 856 2987 populo
879 2832 1000 2961 earndli
1020 2891 1227 2986 separandum
1239 2889 1264 2966 ol

231 2973 284 3044 'Et
300 2917 453 3071 Christus
470 2977 509 3044 de
525 2978 630 3069 specie
647 2975 813 3046 Ecclesiae
832 2977 919 3060 dicit,
953 2978 1106 3045 cumait:
1152 2968 1264 3045 similet

239 3085 379 3160 regnum
396 3060 562 3130 coelorum
579 3061 733 3154 lagenae,
761 3065 941 3130 aut'dec‘em
955 3061 1159 3154 virginibus,
1186 3075 1213 3127 et
1223 3041 1264 3136 llll

238 3144 418 3214 Ecclesiam
435 3161 552 3215 tectam
567 3157 635 3216 esse
644 3145 859 3218 multitudine
872 3145 1054 3231 malorum,
1086 3173 1129 3218 ne
1149 3145 1182 3214 id
1195 3131 1264 3214 scal

238 3227 307 3296 lum
323 3229 397 3323 pios
412 3229 575 3308 offendam
606 3234 701 3316 item,
724 3249 761 3301 ut
776 3234 920 3304 sciamus
934 3233 1070 3301 verbum
1087 3249 1120 3302 et
1133 3225 1264 3300 sacrametl

119 3407 122 3414 ¹
237 3313 380 3414 efficacia
391 3340 459 3384 csso
470 3366 481 3398 ,
504 3317 570 3384 'etsi
588 3332 768 3385 tractentur
782 3341 802 3386 a
816 3317 921 3386 malis'.
962 3322 1071 3414 Atque
1085 3315 1209 3386 interim
1221 3299 1264 3400 del

236 3398 355 3492 impios
370 3398 463 3484 illos,
493 3401 644 3495 quamvis
659 3400 801 3474 habeant
822 3401 1008 3472 societatem
1032 3418 1228 3472 externorum
1241 3403 1264 3454 sn

221 3507 375 3576 norum,
404 3501 513 3556 tamen
527 3510 594 3554 nou
609 3511 677 3554 esse
692 3507 803 3556 verum
820 3491 957 3574 regnum
974 3483 1114 3576 Christi,
1138 3501 1169 3554 et
1183 3435 1264 3550 memll

147 3626 151 3641 .
235 3565 371 3660 Christi¹
414 3571 499 3638 Sunt
531 3567 617 3638 enim
645 3573 792 3640 membra
821 3571 914 3662 regni
941 3571 1074 3642 diaboli.
1118 3575 1222 3663 Neque
1236 3559 1264 3652 vd

231 3653 434 3722 somniamus
449 3679 509 3724 nos
523 3653 725 3724 Platonicam
740 3655 918 3739 civitatem,
942 3673 979 3725 ut
1016 3656 1131 3726 uidam
1156 3647 1264 3805 impietl

634 3821 638 3828 ⁴
985 3683 1134 3824 desiam,
1164 3739 1195 3806 vi
1215 3727 1264 3804 elrl

200 3836 204 3852 ²
227 3847 302 3892 vere
319 3823 486 3895 'credentes
502 3848 539 3892 ae
553 3823 656 3915 jirstos
674 3849 803 3920 sparsos
853 3851 888 3894 er
915 3843 1019 3896 totum
1041 3825 1164 3896 orbem.
1203 3803 1264 3889 Etal

226 3905 334 3976 dimus
347 3923 446 3979 notas
465 3943 468 3951 r
497 3933 615 4010 puram
631 3909 813 3979 doctrinam
866 3911 1024 4002 tangelii,
1053 3927 1085 3982 et
1106 3907 1264 3994 samuel

222 3991 376 4092 Ethaeo
392 3959 538 4063 Ecclesm
566 3995 699 4090 proprie
729 4012 777 4064 est
806 3995 960 4066 columna
989 3995 1143 4066 veritatis.
1192 3981 1264 4060 tent

223 4077 311 4146 enim
326 4101 446 4175 purum
460 4078 694 4172 Evangelium,
721 4097 753 4150 et
775 4095 811 4153 nt
825 4075 947 4149 Paulus
966 4081 1091 4174 inquit,
1123 4078 1264 4152 fundant

219 4175 307 4253 tum,
352 4161 413 4231 hoc
429 4180 500 4246 est,
537 4175 647 4233 veram
668 4164 797 4234 Christi
819 4165 1040 4258 cognitionem
1060 4184 1092 4236 et
1108 4163 1219 4240 iidem,
1242 4157 1264 4244 ll]

216 4249 291 4316 sirnt
307 4245 341 4315 in
354 4245 406 4315 his
421 4246 519 4318 etium
535 4249 631 4320 molti
643 4249 844 4336 imbecilles,
875 4251 933 4345 qui
947 4271 1048 4346 supra
1061 4247 1264 4322 fundamentum
