2658 4892
92 1615 98 1625 ,
211 1638 212 1644 ¹
237 1553 493 1655 licct'gratuito,
517 1559 587 1629 siue
602 1555 756 1627 omnibns
771 1549 924 1652 operibils
940 1557 1115 1628 etmeritis
1140 1571 1251 1636 nostris,
1264 1567 1295 1618 „i

244 303 318 388 618
378 417 383 426 .
439 375 442 383 .
579 307 756 391 Formula
773 261 1017 395 Concordiae.

241 497 541 592 riisipsorum'est,
573 497 664 592 quod
678 505 749 587 sese'
770 521 791 568 a
809 504 925 588 sancto
948 502 1014 572 Dei
1088 516 1184 597 erepto
1199 491 1295 580 rususf

207 623 213 636 ι
242 599 275 655 et
298 585 432 679 quidem
457 581 642 675 petulanter
670 599 841 668 avertunt,
886 585 978 681 qnod
1007 523 1166 682 Shilitum
1183 599 1295 670 smctinl

214 669 434 740 contristant
462 681 495 736 et
521 685 734 770 exasperant,
778 670 869 765 quod
894 670 1202 766 coinquinationibus
1236 674 1295 760 ijnp

161 836 167 852 .
240 753 358 826 mundi
376 777 492 824 rursus
511 777 582 823 sese
602 753 790 850 implicant,
819 772 852 826 et
877 761 1020 827 Satanae
1042 755 1205 852 hospitium
1215 755 1295 852 nihl

240 839 294 910 sui
311 839 486 910 adornant.
527 841 658 916 Horum
680 835 856 912 hominum
876 837 1062 940 posteriora
1084 842 1222 914 deteriora
1234 841 1295 909 luit*

242 924 423 1019 prioribus.
935 951 938 960 ’
992 991 993 996 ,
1294 931 1295 996 l

266 1123 269 1132 Ι
316 1043 611 1138 'Hucusquesacra
628 1037 793 1140 scriptura
806 1043 843 1116 iu
858 1041 1039 1118 revelando
1058 1027 1180 1118 divinae
1192 1040 1279 1137 praede

239 1127 592 1232 stinationis‹mysterio
605 1129 828 1226 progreditur.
873 1131 976 1233 Quod
1001 1135 1032 1202 si
1049 1132 1134 1204 intra
1154 1127 1279 1230 baenatii

236 1239 298 1284 nos
330 1217 617 1300 continuerimus,
647 1233 680 1286 et
702 1216 803 1286 verbo
829 1221 896 1287 Dei
926 1217 1072 1288 revelato
1103 1218 1199 1286 innixi
1221 1212 1295 1282 tusi-¹

238 1291 330 1384 iiius,
352 1299 500 1394 profecto
516 1301 662 1385 doctrina
677 1297 734 1370 illa
747 1325 802 1372 am
827 1300 988 1372 lissimam
1003 1299 1219 1375 consolationis
1229 1313 1295 1394 verae]

161 1405 165 1412 ·
237 1384 409 1483 materiam
424 1384 520 1457 nobis
535 1411 574 1456 su
598 1383 765 1481 peditabit.
804 1327 951 1479 ligregie
964 1388 1053 1458 enim
1068 1381 1283 1483 praedestinatio

235 1474 289 1539 nis
305 1469 453 1541 doctrina
470 1409 644 1542 articulum
662 1471 904 1562 justificationis
925 1473 1114 1559 confirmat,
1138 1469 1215 1568 quod
1228 1467 1295 1535 videt

235 1663 327 1710 incra
344 1655 449 1730 gratia
465 1657 603 1736 propter
615 1643 724 1711 solum
741 1641 912 1724 Christum
949 1642 1146 1714 ustihcemnr
1157 1635 1295 1735 atquem-2

128 1803 136 1824 .
234 1750 360 1796 vamur.
403 1730 488 1796 Ante
503 1727 615 1800 secula
627 1726 716 1799 enim
728 1671 962 1822 hujusmundi
994 1728 1166 1823 riusquam
1179 1727 1283 1795 iiirsiiu

155 1817 162 1826 '
235 1825 353 1902 natura
369 1833 530 1897 essemus,
552 1812 622 1886 imo
646 1827 821 1916 antequam
836 1754 1283 1905 mundillindamentajaceree

149 1978 152 1986 Ι
231 1907 306 1980 tur,
329 1919 403 1964 cuin
421 1897 554 1989 quidem
567 1897 652 1967 nihil
668 1898 747 1967 honr
764 1923 861 1991 agere
876 1898 983 1970 adhuc
995 1915 1198 1992 poteramus,
1216 1915 1283 1985 secui·¹

150 2037 152 2046 ,
234 1979 315 2050 dum
331 2003 391 2076 pro
417 1982 539 2054 ositum
554 1979 618 2053 Dei
630 1983 666 2052 in
684 1981 822 2054 Christo
846 1986 887 2055 ad
905 2002 1070 2055 aeternam
1093 1975 1295 2054 uiuentem

234 2090 359 2135 sumus.
433 2067 583 2145 scotiam
600 2067 747 2138 doctrina
763 2095 878 2140 omnes
895 2069 997 2140 salsae
1009 2068 1182 2164 opiniones
1195 2082 1282 2166 eterit

233 2177 286 2220 res
304 2152 344 2220 de
358 2151 488 2222 bisibus
503 2155 665 2224 naturalis
681 2157 787 2225 nostri
801 2155 929 2226 arbitrii
946 2171 1162 2239 evertuntur,·
1194 2169 1283 2220 uiant

150 2283 155 2326 3
232 2235 388 2307 oilestum
406 2253 471 2323 est,
495 2239 585 2333 qnod
599 2237 741 2314 Deuain
756 2264 817 2310 suo
835 2239 973 2310 consilio
994 2255 1071 2310 ,ante
1089 2177 1203 2310 munli
1220 2229 1283 2303 seculi

217 2321 411 2392 'decreverit
425 2331 533 2421 a'tquef
545 2323 726 2406 ordinarit,
757 2325 847 2416 quod
868 2326 994 2410 omnia,
1024 2325 1179 2428 quaqad
1198 2325 1295 2410 conver3l

232 2411 359 2478 sionem
372 2423 519 2480 nostram
539 2409 722 2504 pertinent,
753 2410 824 2506 ipse
847 2411 965 2480 virtute
987 2409 1137 2504 Spiritus
1156 2407 1206 2479 sui
1226 2416 1295 2475 suut

209 2572 214 2579 x
232 2491 473 2596 (perverbum)
493 2494 529 2564 in
540 2495 638 2565 nohis
656 2493 783 2566 ellicere
797 2510 828 2566 et
842 2491 972 2592 operari
989 2495 1076 2567 velit.

318 2627 524 2723 Quinetiam
538 2605 620 2702 haec
634 2630 783 2702 doctrina
803 2633 1007 2723 praeclaram
1024 2633 1123 2703 nohis
1139 2623 1284 2719 consolate

229 2741 304 2788 nem
330 2731 501 2818 monstrat.
555 2719 725 2820 Quantum
747 2717 836 2786 enim
869 2733 919 2790 est
943 2715 1007 2788 hoc
1031 2713 1224 2790 be'nelicium
1240 2716 1285 2782 lle·

45 2859 47 2866 .
129 2791 143 2878 ’,
229 2803 320 2900 qnod
336 2805 365 2873 is
380 2805 421 2872 de‘
436 2821 695 2896 uniuscujusque
713 2801 894 2879 Christiani
911 2801 1144 2887 conversione,
1164 2797 1284 2894 justitiari

34 3329 40 3336 '
154 3377 158 3388 ,
226 3314 353 3401 voluit,
383 3328 420 3384 nt
439 3339 513 3396 eam
535 3315 571 3384 in
593 3326 760 3384 aeternum
780 3339 878 3382 suum
899 3315 1109 3416 propositum
1134 3311 1230 3416 (quud
1244 3299 1284 3374 ltll

190 2909 193 2917 “
229 2887 335 2960 salute
351 2891 434 2959 adeo
461 2887 625 2958 sollicitus
646 2885 732 2972 fuit,
767 2902 867 2982 atque
889 2903 957 2957 tam
976 2887 1285 2984 fidelitertprocuraytl

227 2989 266 3044 ut
279 2972 353 3044 ante'
369 2977 455 3065 jacta
469 2973 682 3042 fundamenta
694 2973 811 3042 mundi
825 2969 1071 3058 deliberaverit,
1097 2988 1198 3068 atque
1216 2972 1242 3037 in
1253 2961 1295 3042 illtl

131 3077 135 3086 ’
227 3065 347 3130 arcano
369 3057 630 3154 suo.proposito
652 3059 812 3148 jamtum
834 3057 1055 3144 ordinaverit,
1087 3055 1242 3154 quomodo
1255 3067 1295 3146 itti

226 3141 430 3214 adsalutem
445 3168 580 3226 vocare,
610 3144 791 3228 adducere,
826 3157 858 3215 et
880 3142 916 3213 in
937 3142 999 3214 illa
1018 3159 1209 3214 conservare
1223 3134 1284 3232 velit?

228 3231 344 3320 Quid?
371 3231 462 3324 quod
484 3253 591 3300 ineam
614 3226 755 3299 salutem
777 3227 983 3320 adeoysirmis
1007 3228 1183 3324 praesidiis
1202 3231 1295 3324 mund}

172 3409 175 3414 '
225 3416 284 3470 aut
299 3399 401 3472 everti
413 3422 582 3492 nunquam
592 3401 714 3494 potest)
729 3415 885 3494 tanquam
898 3425 935 3495 ¹¹¹.
949 3424 1056 3468 arcem
1071 3409 1283 3482 mirurtissiiitffl¹

225 3485 418 3580 collocaret,
439 3501 472 3554 at
497 3510 537 3553 ue
549 3484 631 3554 adeo
643 3483 680 3560 in
702 3481 920 3578 omnipotenti
940 3508 1042 3554 manu
1061 3482 1203 3555 Domini
1219 3489 1284 3548 nostr¹

223 3576 307 3640 ,lesu
323 3569 446 3640 Christi
472 3509 574 3662 pundo
597 3589 696 3638 nemo
713 3594 828 3662 rapere
845 3591 906 3640 nos
926 3576 1051 3666 potest)
1070 3563 1295 3658 conservandi&

223 3670 370 3752 poneret.
422 3653 459 3724 Si
483 3654 572 3725 enim
594 3651 690 3724 nohis
715 3652 825 3726 tutela
838 3671 871 3724 et
898 3653 1044 3724 defensio
1065 3646 1295 3736 nostraesalul’]

34 3767 37 3790 ’
125 3795 128 3800 -
223 3739 498 3825 committeretur,
517 3745 610 3810 Deus
627 3739 727 3822 hone,
749 3739 931 3834 quam'leri
946 3755 1120 3810 momento
1141 3765 1218 3819 eam,
1234 3749 1281 3826 pit·

223 3841 298 3922 pter
313 3823 551 3906 infirmitatem,
564 3823 759 3919 pravitatem
774 3841 806 3912 et
820 3825 1064 3920 comptiorem
1076 3825 1183 3896 manis
1193 3829 1281 3912 iiostitt

223 3913 470 3996 amitteremus?
493 3935 592 4003 quam
606 3909 705 3980 facile
724 3909 944 4011 canobisper
956 3909 1092 3980 insidias
1111 3927 1145 3981 et
1158 3907 1218 3977 ‘vim
1230 3908 1281 3970 nis

106 4027 114 4036 ’
221 3995 293 4071 boli
306 4013 404 4095 atque
424 3997 542 4064 mundi
555 3988 721 4070 machinas
735 4022 754 4066 e
776 4011 896 4066 nostris
910 3995 1062 4094 manibus
1076 3999 1280 4097 extorquerem,r

95 4087 103 4106 ⁸
203 4097 320 4179 'atque
340 4089 541 4176 eriperetur?
598 4081 675 4150 Ideo
698 4079 821 4149 Paulus
852 4079 1080 4151 certitudinem
1109 4072 1280 4152 beatitiidffltl

157 4166 159 4174 ’
222 4179 353 4236 nostrae
372 4189 474 4260 super
495 4163 743 4236 fundamentum
764 4165 930 4269 propositi
950 4165 1057 4235 divini
1075 4167 1207 4246 extruit,
1235 4168 1278 4246 ΜΡ

1294 4321 1295 4380 l

222 4275 261 4324 en
275 4269 331 4335 eo,
352 4249 445 4348 quod
455 4249 634 4354 seeundum
651 4265 858 4356 propositum
873 4253 938 4326 uei
951 4251 1057 4360 vocati
1074 4275 1202 4334 sumus,
