2610 4892
140 355 152 385 ν
208 323 286 412 [βο
336 337 342 345 ’
509 317 515 325 ’
552 279 953 420 catechismusmaj'or.

290 507 345 572 Ex
359 499 412 573 ltis'
427 501 497 594 jam
513 499 720 598 perspicuum
739 515 789 570 est
804 500 975 592 oinuiltus',
999 481 1133 573 nonita
1152 497 1286 574 'relicua

210 615 281 662 esse
303 589 462 679 liherum,
493 591 598 682 quasi⁸
611 585 773 656 contemni
795 585 907 680 possit
927 649 933 661 .
957 589 1133 658 Caeterum
1156 588 1211 657 hoc
1230 615 1272 679 ege

42 751 51 764 .
210 679 292 748 v'oco
309 679 560 744 Sacramentum
574 689 794 763 contemnere,
819 671 952 766 quando
965 672 1061 742 nullo
1074 671 1272 768 impedimento

111 783 119 810 *-
210 757 411 856 praepediti‚
443 773 535 827 tanto
559 772 704 852 tempore
721 759 969 826 Sacramentum
986 757 1079 850 quasi
1094 753 1287 836 fastidientes,

110 921 114 934 ,
211 869 278 915 nou
294 843 493 925 accedimus,
521 867 626 935 neque
648 841 879 910 desideramus.
930 841 1032 930 Quod
1055 840 1082 910 si
1103 841 1184 912 hanc
1198 842 1287 910 liber-t

211 948 310 1002 tatem
328 927 446 996 hahere
461 925 646 1008 contendis,
680 951 738 995 cur
751 951 819 994 non
843 925 951 1020 potius
974 925 1067 994 illam
1094 948 1215 1022 quoque
1234 927 1274 994 tili

187 1035 193 1052 ⁸
211 1037 370 1105 arrogas,
391 1027 426 1080 ut
441 1012 500 1080 tihi
516 1036 648 1106 prorsus
662 1035 730 1084 non
754 1009 849 1079 liceat
867 1037 937 1080 esse
963 1011 1172 1094 Christiano,
1197 1037 1274 1110 neque

39 1103 51 1115 “
132 1105 135 1118 ⁴
213 1101 391 1196 quidquam
416 1121 510 1166 orare
531 1113 588 1166 aut
615 1096 785 1171 credero?x
814 1097 995 1182 Hoeenim
1019 1097 1154 1184 perinde
1177 1093 1273 1165 Chresti

177 1189 183 1202 ’
210 1199 420 1292 praeceptum
443 1197 509 1279 est,
544 1197 643 1272 atque
674 1179 770 1247 illud.
828 1177 888 1248 Sin
914 1180 1124 1250 Christianus
1146 1177 1275 1278 perhiberi

212 1272 383 1364 cupis,‚ut
401 1263 477 1336 hue
492 1281 662 1359 praecepto
678 1287 911 1358 nonnunquam
934 1267 1116 1344 satisfacias
1134 1283 1223 1359 atque
1235 1266 1288 1348 eh3

212 1355 388 1448 temperes,
419 1373 546 1420 necesse
570 1365 627 1418 est.
687 1351 759 1418 Hoc
787 1353 876 1418 enirn
900 1350 1089 1420 mandatum
1119 1375 1275 1446 permovere

211 1439 325 1532 utique
340 1453 371 1506 te
387 1434 533 1516 debehat,
556 1449 594 1503 ut
607 1431 641 1501 in
657 1449 689 1502 te
716 1433 942 1517 descenderes,
974 1453 1006 1504 et
1020 1433 1197 1526 cogitares:
1219 1441 1275 1502 Ero

117 1545 126 1572 ²
208 1519 470 1618 cujusmodiego
488 1518 693 1588 Christianus
715 1525 809 1586 sum?
855 1518 965 1589 uodsi
982 1545 1104 1604 essem,
1136 1523 1215 1592 haud
1235 1520 1275 1586 du-

209 1609 265 1680 hie
278 1607 330 1678 vel
356 1607 483 1675 modico
510 1603 627 1672 harum
648 1629 757 1672 rerum
777 1544 1046 1696 perimendorum
1063 1630 1195 1700 caperer
1208 1595 1276 1674 'desi-

206 1693 321 1776 derio,
344 1715 426 1786 quas
450 1687 614 1760 Dominus
633 1697 731 1757 'meus
756 1685 839 1758 mihi
859 1685 1023 1760 iaciendas
1038 1689 1216 1786 praecepit.
1249 1691 1277 1753 Et

210 1782 356 1876 profecto
396 1770 636 1868 uau'doquidom
650 1773 693 1842 ad
711 1773 797 1842 hauc
811 1799 945 1844 coenam
964 1791 1031 1843 tam
1052 1792 1185 1866 gravate
1206 1773 1255 1844 etl
1266 1777 1289 1824 -i

211 1862 345 1934 stidiose
362 1801 472 1933 disecti
487 1883 619 1939 sumus,
642 1855 685 1926 ita
702 1875 896 1936 nauseantes
917 1857 1029 1942 illam,
1060 1863 1140 1930 satis
1162 1873 1289 1954 apparet

213 1949 326 2044 quales
344 1945 376 2013 in
396 1949 524 2039 Papatu
539 1939 717 2012 Christiani
739 1943 917 2026 fuerimus,
947 1961 983 2014 ut
1008 1942 1064 2038 qui
1090 1962 1212 2014 tantum
1225 1967 1276 2011 coe-

154 2043 163 2062 ·“
212 2049 265 2104 ctu
283 2049 315 2101 et
329 2047 416 2100 metu
432 2027 567 2098 humani
583 2033 746 2122 praecepti
762 2027 1009 2110 accesserimus,
1031 2028 1103 2098 siue
1121 2031 1206 2100 omni
1227 2025 1275 2094 aui-

155 2135 166 2155 ‘
211 2118 258 2188 mi
275 2114 439 2210 voluptate
455 2130 487 2182 et
501 2138 630 2195 amore,
653 2110 1021 2212 praecipientisChristi
1042 2111 1140 2186 nullo
1163 2127 1276 2206 respectu

210 2199 335 2272 habito.
379 2201 445 2270 Sed
458 2201 616 2282 enimuos
634 2223 797 2266 nemiuem
813 2223 960 2268 coeamus
984 2215 1040 2267 aut
1060 2199 1218 2270 violenter
1234 2200 1277 2264 iu-

210 2286 386 2384 pellimus,
423 2310 482 2354 nec
504 2281 678 2377 quisquam
708 2279 743 2350 in
768 2255 872 2351 nostri
904 2279 1043 2378 gratiam
1063 2284 1167 2356 hu'us
1189 2305 1276 2355 coenae

211 2372 345 2443 conviva
362 2394 430 2439 esse
449 2368 621 2460 dignetur:
655 2369 726 2436 Hoc
742 2391 819 2438 vero
832 2366 1000 2460 impellere
1026 2385 1058 2439 et
1080 2312 1171 2440 ultro
1194 2389 1276 2450 cogere

211 2457 417 2553 tedehehat²
437 2453 526 2546 qrrod
544 2450 691 2520 Christus
707 2451 740 2520 id
755 2451 908 2550 requirit,
932 2468 964 2521 et
980 2451 1094 2548 placet.
1104 2455 1140 2526 id
1154 2455 1210 2526 illi.
1230 2455 1276 2520 ile-

210 2542 355 2612 minihus
371 2557 417 2609 utt
444 2563 483 2606 ue
498 2535 814 2607 nonconcedendurn
832 2553 900 2620 est,
921 2537 1022 2608 ut'ab
1046 2538 1118 2609 illis
1139 2537 1277 2610 autadli-

211 2629 298 2708 dem,
322 2641 379 2694 aut
394 2565 441 2691 sd
451 2621 556 2696 ullum
571 2645 653 2716 opus
668 2620 849 2709 adigamur.
892 2627 968 2708 Nos
979 2647 1045 2692 uon
1060 2624 1141 2718 plus
1157 2624 1275 2696 facinus,
1290 2699 1291 2708 ἵ

115 2714 119 2726 “
211 2723 311 2806 quam
330 2725 366 2776 ut
384 2707 555 2788 doceamus
575 2719 606 2774 ct
618 2727 827 2790 nroneamus,
851 2706 931 2800 quid
948 2708 1032 2784 sacto
1051 2735 1136 2804 opus
1153 2711 1210 2791 sit,
1233 2729 1276 2773 not

74 2843 99 2868 ·.
152 2803 155 2812 ’
209 2794 377 2875 industri,
401 2793 456 2860 sed
474 2787 570 2860 intui
587 2792 738 2879 gratiam.
786 2795 859 2884 lpse
872 2791 997 2884 pellicit
1015 2809 1062 2879 tc,
1092 2821 1131 2866 ac
1156 2793 1275 2863 omnibus

146 2923 149 2936 ·
204 2877 317 2954 modis
331 2876 372 2948 ad
389 2901 422 2948 se
435 2883 608 2972 provocat:
630 2875 714 2961 hunc
726 2873 755 2944 si
768 2893 957 2966 arroganter
972 2877 1200 2964 contemseris,
1220 2877 1275 2954 vide,

209 2983 248 3038 ut
261 2965 329 3060 ipae
350 2987 417 3059 pro
428 2979 458 3031 te
474 2959 681 3058 respondeas.

218 3191 221 3198 .
295 3135 367 3204 Hoc
382 3127 642 3228 primoquidem
658 3123 733 3201 luco¹
748 3128 870 3220 dictum
886 3146 934 3202 est
949 3125 1079 3224 frigidis
1095 3131 1275 3226 potissimum

120 3259 127 3286 t
210 3235 243 3294 et
263 3215 509 3310 negligentibus
532 3209 749 3298 Christianis,
780 3231 817 3302 ut
833 3215 884 3284 vel
906 3219 1036 3288 tandem
1060 3224 1148 3288 serio
1172 3215 1275 3309 resipis

209 3322 299 3386 cant,
321 3326 418 3397 seque
441 3301 615 3370 accendant
637 3315 669 3368 et
692 3301 973 3394 expergefaciants
996 3299 1096 3371 ¹Illud
1120 3307 1202 3373 enim
1222 3320 1274 3366 rere

209 3392 318 3460 verius
332 3405 399 3470 est,
418 3385 452 3456 id
470 3385 558 3480 quod
575 3385 663 3480 apud
680 3409 731 3454 me
745 3383 815 3480 ip'se
832 3401 980 3478 expertus
1000 3412 1072 3456 sum
1082 3437 1092 3474 ‚
1116 3403 1148 3458 et
1166 3385 1274 3480 quisque

209 3475 299 3570 apud
322 3497 356 3542 se
372 3471 417 3560 ita
434 3495 503 3540 esse
517 3468 674 3552 inveniet,
696 3486 810 3539 uttam
831 3464 982 3540 diuturna
1000 3472 1053 3540 sui
1074 3497 1095 3542 a
1110 3477 1275 3542 Sacramen-

209 3575 244 3633 to
261 3554 476 3638 alienatione,
499 3553 533 3623 in
548 3553 615 3624 dies
631 3552 778 3646 singulos
790 3551 893 3636 etiam
908 3571 1005 3650 atque
1026 3555 1124 3626 etiam
1147 3553 1274 3647 frigidie·

132 3696 136 3702 .
207 3667 261 3714 res
277 3661 309 3720 et
322 3636 529 3712 barhaiiores
550 3640 742 3722 eradamus,
762 3661 799 3708 ac
815 3635 957 3731 denique
973 3665 1109 3734 prorsus
1123 3635 1274 3711 idiastidi-

165 3775 169 3782 -
208 3735 321 3816 amusd
337 3722 478 3819 ‘Alioqui
495 3723 748 3810 descendendum
766 3741 814 3794 est
827 3750 902 3793 cum
916 3727 1027 3796 animo
1043 3724 1078 3794 in
1093 3725 1272 3829 colloquium

209 3829 306 3908 atque
327 3811 373 3880 ita
395 3809 590 3908 gerendum,
619 3810 896 3903 quemadmodum
923 3833 995 3905 par,
1009 3823 1057 3890 est
1071 3810 1206 3892 homiui,
1229 3801 1272 3876 Del

208 3897 356 3978 ,savorem
373 3912 403 3964 et
417 3909 555 3984 gratiam
570 3919 608 3964 ex
624 3894 733 3964 animo
756 3892 912 3988 cupienti.
954 3901 1031 3964 Jam
1058 3921 1123 3990 quo
1140 3897 1272 3988 ,frequeu

135 4060 137 4068 ,
209 3981 272 4053 tius
289 3983 351 4052 hoc
367 3981 490 4048 factum
501 3976 615 4060 suerit,
639 3976 701 4048 hoc
715 3975 894 4073 impensius
909 3999 965 4048 cor
987 3979 1116 4050 calescit
1138 3997 1168 4052 et
1186 3980 1271 4069 incen-

141 4133 144 4144 ,
210 4069 316 4148 ditur,
339 4093 379 4134 ne
395 4087 528 4152 prorsus
547 4062 701 4132 omnihus
719 4064 842 4132 amoris
868 4062 970 4131 divini
995 4063 1270 4136 flammis-extinctu

208 4153 416 4245 congeleseat.
458 4148 589 4233 Dixeris
606 4147 759 4220 fortasse:
784 4149 874 4237 Quid
891 4166 1011 4233 autem,
1032 4151 1063 4226 si
1078 4173 1214 4228 sensero,
1233 4161 1270 4208 1110

206 4239 543 4336 conparatumesse?
564 4231 778 4326 Respondent
801 4226 908 4306 ethoc
921 4259 974 4306 me
988 4236 1269 4332 quoqnetmpumt
