2610 4900
106 355 109 366 .
193 295 268 385 344
332 371 335 378 ,
534 265 785 378 Catachismtis
801 264 932 393 major.

174 479 182 492 ”
195 473 394 557 calamitate,
416 477 532 630 inpia
546 490 613 548 tam
627 475 790 570 profunde
813 474 1152 565 immersi-jacuimus,
1170 471 1270 542 libera-

194 562 333 640 remur,
346 563 459 631 Deive
502 564 613 629 um'ac
634 559 834 628 voluntatem
856 576 1102 644 cognoscentes,
1141 583 1176 626 ac
1197 557 1269 624 deui-

96 671 103 693 ‘
197 661 261 740 que
276 647 362 716 serio
376 645 579 742 arripientes,
620 649 672 712 Ex
689 644 760 722 hoc,
772 643 859 712 euim
874 645 1091 724 disceremus,
1116 667 1180 734 quo
1198 659 1270 734 pacto

197 731 339 822 gaudio,
359 731 578 830 prosperitate
594 747 626 804 et
639 727 761 813 salute,
784 728 837 800 bic
852 745 884 798 ct
909 730 944 797 in
964 727 1075 798 futuro
1097 725 1205 797 seculo
1225 726 1272 792 lrui

160 830 163 839 '
224 838 378 886 ossemuss

184 839 221 984 ,p
284 907 335 970 Ita
347 899 492 996 triplices
516 899 553 966 in
574 897 635 968 boc
653 915 824 994 praecepto
849 902 964 966 Patres
979 898 1074 966 nobis
1092 899 1272 990 praestitutos

197 1007 269 1056 asse
291 985 458 1064 videmus,
495 987 637 1078 primum
661 981 795 1078 quidem
817 983 1004 1072 sanguinis,
1034 981 1151 1066 deinde
1173 981 1271 1074 praesi-

139 1133 143 1150 ,
199 1070 311 1140 dentes
326 1075 361 1138 in
373 1069 526 1151 aedibus,
549 1069 681 1149 ultimo,
705 1069 823 1164 quibus
836 1085 945 1160 partes
960 1067 1192 1158 gubernandae
1216 1065 1271 1131 tto-

41 1213 44 1228 .
114 1187 128 1206 x
222 1153 349 1223 ublieae
365 1156 608 1224 commendatae
625 1169 708 1222 sunt.
757 1159 890 1222 Praetor
912 1151 972 1222 hos
998 1167 1175 1244 supersunt
1193 1151 1272 1229 erlbac

197 1181 312 1328 {atres
329 1238 534 1333 spirituales,
556 1265 622 1305 non
637 1237 691 1307 illi
710 1238 863 1332 quidem,
887 1235 943 1330 qui
960 1236 1118 1308 hactenus
1137 1235 1172 1304 in
1190 1241 1272 1325 Papa-

197 1338 235 1391 tu
249 1319 622 1410 bacnominissibifalso
631 1338 836 1412 arrogarent,
851 1348 956 1416 neque
967 1339 1075 1390 tamen
1083 1319 1189 1387 ullum
1198 1317 1272 1413 patris

200 1407 343 1478 officium
361 1425 437 1478 sunt
462 1407 594 1478 executi.
612 1435 619 1454 ·
638 1406 690 1476 ttli
703 1407 868 1478 euimsoli
891 1405 1077 1500 spirituales
1102 1411 1212 1494 Patres
1232 1401 1273 1471 dici

200 1509 381 1576 merentur,
405 1493 463 1585 qui
478 1493 577 1562 verbo
592 1493 655 1562 Dei
666 1515 734 1563 ¹uos
750 1509 902 1588 pascunt,
924 1508 1042 1581 regunt
1059 1516 1096 1560 ac
1115 1491 1238 1568 docent,
1255 1503 1274 1552 et

200 1577 339 1647 fideliter
356 1595 512 1672 praesunt
526 1577 628 1667 gregi.
674 1582 752 1665 Quo
774 1577 905 1645 nominc
927 1582 961 1644 S.
978 1574 1100 1643 Paulus
1123 1591 1272 1667 seponto

216 1677 316 1746 aetat,
340 1663 482 1731 scribens
502 1661 692 1739 CorintbiIs,
715 1671 732 1730 ι’
749 1665 825 1731 Cor.
844 1665 920 1730 tte:
945 1667 980 1728 ln
1001 1649 1137 1730 Christo
1154 1665 1273 1748 desuper

195 1689 415 1840 brangelium
432 1773 489 1816 vos
505 1746 613 1836 genui.
654 1751 740 1816 Cum
763 1773 797 1815 er
820 1771 839 1816 o
861 1763 971 1840 patres
995 1772 1051 1816 eos
1067 1771 1140 1828 esse
1160 1757 1271 1837 constet:

201 1848 234 1902 et
251 1831 304 1898 his
319 1831 424 1912 bonor
439 1855 518 1934 prae
535 1831 686 1902 omnibus
700 1831 773 1908 aliie
791 1772 980 1900 deterendus
995 1846 1052 1899 est.
1074 1835 1201 1896 Verum
1213 1851 1272 1894 cun

201 1941 280 1985 vero
295 1914 352 1986 hic
364 1941 511 1986 Omnlum
526 1917 660 1986 minime
675 1916 825 1986 cernitur.
875 1919 928 1985 Ad
948 1915 1033 1984 bunc
1053 1913 1142 1982 enim
1169 1913 1272 1981 modun

74 2005 76 2011 ’
160 2025 162 2028 ·
201 2002 365 2071 amando
389 2001 573 2070 honorandi
596 2019 626 2072 et
647 1997 841 2076 honestandi
867 2017 959 2080 sunt,
1001 2017 1037 2067 ut
1057 1998 1186 2090 passim·
1206 1991 1272 2086 ejecti

146 2133 149 2142 ψ
202 2084 332 2178 oppidis
347 2104 484 2176 agantur
499 2086 532 2155 iu
547 2086 701 2168 exilium,
725 2103 812 2153 utne
829 2085 935 2152 frusto
955 2083 1088 2188 quidem
1115 2082 1207 2178 panis
1220 2103 1272 2173 pas·

104 2163 111 2188 ⁴
202 2169 597 2253 cauturcitrainvidiam,
620 2190 651 2242 et
678 2169 713 2238 in
733 2194 881 2250 summa,
911 2165 1010 2260 hujus
1036 2167 1154 2236 mundi
1177 2188 1271 2261 purga-

202 2271 329 2354 menta,
355 2256 540 2331 utd‘aulus
564 2255 678 2327 eodem
700 2253 804 2351 capite
831 2251 999 2348 loquitur,
1029 2271 1060 2324 et
1085 2253 1272 2348 peripsemata

121 2388 126 2396 -
195 2363 348 2410 tomorum
366 2365 434 2410 esse
450 2359 617 2432 cogantur.

259 2444 262 2450 ’
289 2429 511 2496 Veruntamen
536 2428 630 2504 ualde
654 2429 870 2496 necessarium
901 2441 967 2506 est,
1002 2439 1042 2492 ut·
1059 2421 1142 2491 haec
1171 2433 1272 2515 qo'oqut

203 2531 332 2580 summa
359 2509 418 2578 dili
443 2511 530 2579 entia
552 2511 654 2600 vulgo
683 2509 901 2590 inculcentur,
938 2533 1010 2588 eos,
1041 2505 1098 2600 qui
1122 2504 1272 2596 Christian

202 2618 272 2662 esse
290 2610 404 2662 conten
430 2611 504 2675 unt,
528 2619 638 2666 coram
653 2602 725 2672 Deo
743 2596 858 2663 debere
873 2619 944 2688 pro.
960 2591 1088 2674 officio,
1121 2609 1159 2660 ut
1181 2585 1271 2681 duplic

136 2682 141 2702 ¹
201 2675 328 2748 honore
343 2677 421 2747 illos
438 2677 610 2757 afficiant,¹
622 2679 681 2772 qui
704 2705 818 2747 eorum
842 2677 1025 2746 animarum
1044 2703 1159 2746 curam
1175 2685 1270 2767 gerunt

202 2775 241 2829 ut
255 2763 385 2831 eosdem
401 2763 541 2832 uicissim
564 2763 654 2834 alant
668 2779 699 2832 et
723 2764 870 2844 foveant,
901 2762 943 2830 ad
958 2761 1049 2857 quod
1071 2761 1190 2832 iterum
1209 2765 1271 2850 D⁰¹l⁵

203 2845 331 2919 abunde
354 2848 657 2943 suppeditabit„ut
683 2848 771 2916 nulla
794 2849 953 2944 premaris
977 2845 1098 2942 inopia.
1160 2843 1219 2914 Sed
1238 2839 1271 2906 lut

157 2997 160 3006 ,
202 2951 334 3000 rursum
346 2957 445 3002 nemo
461 2959 525 3001 non
537 2933 791 3032 pertinadssime
806 2950 899 3002 tenax
913 2949 971 3014 cst,
991 2947 1149 3012 metuens,
1172 2956 1209 2998 nc
1223 2925 1269 2993 lor·

203 3027 237 3108 tc
252 3034 364 3088 venter
378 3017 632 3088 fame'effractus
646 3019 858 3088 contabescat.
902 3019 972 3086 Nec
994 3043 1096 3085 unum
1122 3017 1189 3106 jam
1209 3009 1271 3076 vole·

111 3115 115 3122 '
203 3125 278 3200 mus
303 3102 452 3186 doctum,
479 3105 620 3196 probum
647 3118 744 3201 atque
768 3102 898 3172 fidelem
920 3101 1180 3170 concionatorem
1202 3095 1269 3196 altro

202 3183 261 3257 ubr
282 3201 355 3256 ante
378 3189 487 3258 decem
511 3187 688 3258 cucullatos
710 3213 845 3280 porcos,
881 3203 938 3254 aut
952 3185 1126 3258 aleatores
1143 3181 1269 3256 sacrdos

202 3285 333 3367 tautum
357 3271 522 3342 abdomini
545 3271 737 3358 servientes,
775 3273 909 3366 opipare
935 3269 1168 3359 saginavimus.
1219 3271 1270 3360 Qut

202 3370 330 3425 retroue
352 3357 450 3426 etiam
472 3382 716 3450 promeremur,
738 3373 791 3425 'ut
812 3381 871 3425 suu
903 3356 1003 3424 verbo
1025 3373 1055 3424 et
1078 3351 1268 3422 benedictione

203 3441 295 3508 Deus
318 3465 378 3510 uos
401 3440 522 3512 iterum
544 3457 652 3512 tantae
674 3441 919 3532 ingratitudinis
944 3442 1050 3528 gratia
1073 3447 1176 3532 privet
1199 3449 1269 3530 atquo

195 3522 390 3622 defraudet,
419 3530 569 3620 sinatque
588 3528 709 3594 iterum
729 3527 975 3594 mendaciorum
998 3526 1146 3595 doctores
1168 3536 1267 3588 exorto

127 3691 128 3694 Ἴ
205 3631 264 3700 qur
291 3608 359 3676 suis
383 3606 575 3705 imposturis
598 3628 685 3680 recta
710 3609 753 3680 ad
769 3613 894 3679 Orcum
919 3634 979 3678 nos
998 3610 1172 3690 ductiteut,
1192 3619 1267 3691 neque

205 3715 274 3762 nou
286 3693 440 3785 sudorem
458 3711 490 3764 et
504 3687 695 3785 sanguinem
709 3712 859 3764 nostrum
872 3693 1038 3763 devorent.

291 3779 482 3860 Caeterum,
505 3779 562 3872 qui
574 3779 640 3848 Dei
655 3779 853 3850 voluntatem
872 3795 904 3848 ct
946 3794 1131 3872 raeceptum
1149 3791 1267 3862 reveran-

203 3875 282 3957 tur,
296 3885 368 3931 earu
391 3863 643 3959 promissionem
674 3857 884 3958 acceperunt,
912 3805 999 3945 dire,
1022 3879 1059 3932 ut
1081 3861 1148 3930 illis
1169 3857 1266 3950 assatio

203 3963 376 4040 pensetur,
400 3949 559 4042 quidquid
576 3951 611 4016 in
627 3948 753 4017 alendis
768 3976 841 4018 cum
862 3946 1104 4040 corporalibus,
1133 3962 1199 4026 tum
1217 3961 1265 4028 δρι-

110 4105 113 4118 Α
202 4029 378 4101 ritualibus
393 4033 540 4126 patribus
555 4033 778 4117 insumscrint,
808 4033 893 4102 etad
916 4031 1178 4126 amplificandum
1195 4025 1264 4116 ⁴ipst·

203 4139 276 4182 rum
292 4115 450 4188 bonorem
468 4117 703 4211 praestiterint:
726 4144 793 4188 non
808 4118 898 4211 quod
911 4143 969 4212 per
984 4121 1081 4184 unius
1096 4129 1210 4184 tantun
1222 4126 1262 4196 ³1}-

203 4201 238 4268 ui
253 4202 399 4296 spatium
416 4204 544 4306 munde
565 4199 710 4298 babituri
733 4201 798 4274 siut
820 4203 959 4288 victum,
987 4204 1152 4284 restitum,
1177 4207 1205 4264 et
1220 4185 1262 4258 alt·
