2548 4906
54 281 59 288 ι
147 295 150 302 ¹
211 340 302 418 '¹60
480 399 484 418 .
660 339 879 464 vulpologia-

103 595 107 608 „
223 521 268 594 acl
281 519 494 594 substantiam
512 536 662 605 acutum,
691 519 812 593 mereri
838 523 979 616 gratim
1002 543 1041 592 ac
1061 521 1236 616 justificatior

199 684 203 697 s
225 607 391 704 operibus,
403 631 488 702 quae
501 607 587 677 ratio
599 631 659 704 per
674 631 709 678 se
725 608 824 680 eflicit
839 606 1045 703 sineSpiritu
1059 623 1175 677 sancto.
1198 611 1236 694 Qu

205 727 207 738 ·
223 693 328 764 multa
342 693 482 792 absurda
491 706 672 788 sequuntur
689 692 984 787 exbisl‘elagianis
998 691 1206 792 opinionibus,
1220 717 1236 784 qt

187 833 191 860 ,
216 777 261 848 in
273 776 391 848 scholas
405 799 525 869 magne
539 777 730 848 auctoritate
744 779 912 849 docentur.
951 783 1020 846 llas
1030 775 1236 930 Angustiae„

96 933 100 942 ,
227 887 331 970 quens
349 862 513 945 Paulum,
535 887 590 932 tna
673 867 879 937 contentione
896 862 1037 932 retunt:
1103 863 1174 956 ujus
1188 877 1236 930 sent

178 1008 181 1016 .
208 966 308 1020 tram
322 971 421 1102 supra
435 949 473 1016 iu
485 951 622 1020 articuo
647 947 687 1018 tte
706 948 935 1041 justificatione
953 945 1167 1018 recitavimus.
1199 952 1236 1014 lle

226 1059 305 1106 vero
332 1057 351 1103 a
375 1031 509 1102 irnimus
536 1031 877 1103 numanae-voluntati
898 1032 1093 1102 libertatem.
1137 1025 1236 1120 Habetl

145 1118 149 1136 '
226 1141 326 1190 mana
349 1115 501 1186 voluntas
524 1116 707 1188 libertatem
732 1117 768 1186 in
791 1117 946 1216 operibus
969 1133 1002 1186 et
1013 1117 1113 1184 rebus
1136 1113 1236 1206 deligut

228 1211 309 1300 quas
324 1201 407 1274 ratio
424 1227 482 1295 per
497 1227 531 1272 se
550 1201 806 1297 comprehendit.
850 1207 962 1272 Potest
983 1200 1097 1298 aliquo
1123 1201 1236 1270 model

184 1309 186 1316 ’
228 1284 476 1380 concinentiam
494 1286 642 1372 civilem,
673 1311 730 1356 seu
745 1287 905 1380 justitiam
928 1311 1086 1382 operum,
1108 1283 1236 1380 potestlt

229 1374 270 1444 tle
286 1377 375 1452 Deo,
389 1407 395 1450 ·,
407 1369 558 1444 er'bibere
576 1378 650 1442 Deo
667 1373 944 1460 sermusculum,
974 1388 1105 1442 externo
1125 1380 1236 1466 operest

229 1458 300 1554 dire
315 1455 580 1555 magistratibus,
609 1459 817 1552 parentibus,
847 1458 920 1527 ino
962 1482 998 1530 re
1017 1473 1148 1526 externo
1163 1454 1236 1544 eliget

156 1579 160 1586 ·
254 1559 336 1616 otest
364 1545 670 1633 continere'manus
701 1544 858 1627 aceede,
892 1567 911 1612 a
951 1540 1154 1630 'adulterim
1185 1537 1236 1607 alu

228 1567 318 1699 llum
336 1626 463 1732 reliqua
477 1627 519 1698 sit
532 1628 705 1696 in'natura
720 1627 863 1698 bominis
878 1627 963 1698 ratio
989 1641 1022 1694 et
1039 1621 1193 1718 indicium
1207 1621 1236 1688 ln

229 1713 292 1786 bus
305 1737 413 1782 sensus
431 1711 603 1802 subjectis,
632 1711 778 1806 reliquus
794 1728 843 1782 est
866 1711 965 1782 etiam
986 1711 1133 1781 delectus
1146 1722 1236 1779 carnut

180 1845 181 1854 κ
229 1803 312 1870 rum*
327 1813 359 1867 et
380 1797 515 1866 libertas
545 1812 577 1866 et
596 1795 734 1870 facultas
755 1797 942 1868 efficiendae
965 1795 1112 1890 justitiae
1133 1793 1222 1866 civilis.

53 1937 58 1946 .
161 1927 174 1950 a
229 1883 319 1954 enim
334 1896 429 1952 vocat
443 1883 604 1978 scriptura
618 1881 775 1975 justitiam
784 1882 901 1963 carnis,
927 1906 1027 1978 quam
1044 1883 1161 1951 natura
1173 1873 1236 1947 canl

230 1961 375 2050 honest,
397 1967 483 2037 ratio
497 1985 555 2062 pet
569 1991 604 2036 se
619 1967 719 2037 elficit
732 1968 803 2036 sine
819 1967 948 2062 Spiritu
962 1981 1085 2034 saneto.
1129 1969 1236 2054 Quanqt

230 2052 322 2122 tan'ta
338 2063 386 2122 es't
399 2051 448 2130 vis
464 2051 750 2148 concupiscentiae,
771 2069 809 2122 ut
821 2052 917 2122 malis
933 2050 1109 2120 aflectibus
1123 2075 1174 2118 sae
1192 2048 1236 2114 int

220 2138 409 2234 ‘temperebt
424 2137 589 2220 homines,
619 2161 718 2234 quarn
731 2155 819 2208 recto
834 2135 968 2230 judicio.
1008 2139 1053 2206 Et
1072 2073 1236 2226 diabulus

128 2229 130 2243 '
231 2238 279 2290 est
293 2221 406 2292 efficax
427 2223 462 2290 in
486 2222 618 2317 impiis,
655 2239 692 2292 ut
713 2223 760 2292 ait
779 2221 921 2302 Paulus,
950 2245 1018 2290 non
1043 2219 1163 2292 desinit
1184 2219 1236 2286 iuul

231 2304 316 2378 banc
330 2305 525 2378 imbecillem
538 2321 692 2378 naturam
707 2305 854 2390 ad'varia
870 2305 1001 2376 delicta.
1023 2310 1095 2380 Hae
1111 2307 1236 2388 causaest

231 2415 331 2485 quare
345 2407 377 2462 et
388 2391 492 2462 civilis
507 2393 634 2486 justitia
647 2409 723 2462 rata
733 2393 776 2463 sit
789 2391 873 2464 inter
886 2389 1047 2474 homines,
1069 2391 1154 2462 sicut
1164 2387 1236 2482 ridell

229 2499 272 2546 ne
286 2476 524 2572 ipsosquitlern
538 2478 761 2574 Philosophus
775 2503 848 2547 eam
867 2492 1056 2554 consecutos
1083 2499 1168 2558 csse,
1190 2489 1235 2566 qu*

225 2561 348 2634 'dentur
360 2587 433 2632 eam
448 2561 647 2658 expetivisse.
690 2562 777 2632 lllud
794 2579 901 2632 autem
922 2559 1046 2632 falsum
1071 2573 1235 2654 estsnonp

224 2669 305 2716 ‘care
318 2645 506 2728 bominem,
527 2645 586 2740 qui
602 2647 681 2717 facit
696 2668 796 2742 opera
813 2672 927 2742 praece
950 2662 1060 2716 torum
1073 2663 1161 2716 extra
1172 2647 1235 2734 'gutli

229 2733 417 2803 Etad'dunt
430 2729 581 2824 amplius,
603 2732 683 2804 talia
701 2755 801 2827 opera
817 2732 914 2802 etiam
928 2671 970 2806 be
986 2755 1131 2822 congruo
1147 2735 1235 2797 meunt

213 2889 215 2896 .
229 2815 423 2886 missionem
434 2816 964 2910 peccatorumncjustilicationem.
981 2799 1235 2886 Nambumanacl

220 2901 301 2992 >sinte
324 2899 452 2998 Spiritu
474 2917 584 2973 sancto
604 2919 682 2972 sunt
703 2902 775 2971 sine
790 2901 909 2981 tim'orc
925 2901 1002 2983 Dei,
1025 2901 1097 2970 sinc
1113 2896 1235 2982 fiduciatt

230 2991 359 3067 Deum,
389 3009 458 3052 non
474 2987 607 3058 credunt
621 3013 656 3056 se
671 2985 817 3056 exaudiri
827 3037 844 3068 ‚t
865 2986 929 3056 sibi
945 2987 1089 3076 ignosci,
1110 3001 1152 3082 ‘sc
1168 2985 1235 3074 jutan

230 3069 353 3165 servari
369 3093 389 3140 a
405 3069 488 3144 Deo'.
530 3071 633 3163 Igitur
654 3087 729 3142 sunt
753 3072 864 3166 impia.
904 3075 1011 3142 Porro
1032 3064 1134 3142 arbeti
1151 3063 1234 3144 111th

102 3195 110 3220 .-
212 3172 338 3310 ppatest
350 3153 437 3252 ferre
452 3155 557 3228 bonos
571 3157 722 3230 fructus:
752 3161 797 3226 Et
810 3159 878 3227 sinc
891 3156 955 3226 fide
969 3145 1234 3255 impossibiletstl

88 3261 91 3271 ¹
289 3263 368 3310 cere.
542 3279 545 3284 ·
683 3252 687 3261 “

229 3267 277 3342 P‘
315 3325 419 3414 Igitur
432 3325 559 3396 etiamsi
575 3326 780 3396 concedimus
803 3325 908 3396 libero
931 3326 1231 3397 arbitrio‘liberutu

229 3407 419 3480 facultatem
433 3427 599 3479 externae
625 3413 723 3486 erale
748 3413 773 3480 's
788 3411 959 3496 efficiendi,
982 3411 1158 3488 tamenilla
1166 3405 1234 3500 spirit

230 3493 278 3564 lia
291 3519 359 3564 non
375 3494 552 3564 tribuimus
568 3435 671 3590 lilino
688 3439 833 3582 arbitrie,
855 3497 978 3567 seilicet
988 3523 1063 3567 vere
1078 3495 1234 3566 timerelltl

229 3603 304 3656 vere
323 3580 454 3652 credere
470 3581 563 3662 Dbo,
594 3605 668 3650 vere
687 3598 828 3657 statuere
847 3605 885 3650 ac
899 3583 1029 3666 sentire,
1080 3569 1234 3652 uothttl

229 3664 402 3762 respiciat,
432 3664 599 3747 exaudiat,
630 3665 780 3756 ignoscat
800 3663 913 3750 nobis,
945 3684 1016 3737 etcu
1077 3693 1132 3736 aec
1153 3671 1233 3732 sunto

202 3823 205 3828 ,
230 3741 475 3852 uperb‘primae
491 3748 640 3846 tabulae,
672 3777 757 3846 qnae
775 3773 847 3822 nou¹
879 3769 962 3822 otest
974 3753 1152 3822 humanum
1173 3729 1233 3814 cul

230 3859 302 3902 cere
327 3859 397 3902 stne
416 3839 545 3929 Sptrttu
562 3850 684 3918 sancto,
708 3837 792 3906 sicut
806 3835 851 3904 ait
891 3838 1001 3906 aulus:
1035 3826 1233 3926 Animalisltl

229 3913 294 3986 boc
307 3933 376 4000 est,
392 3943 394 3954 ·
408 3917 506 3988 homo
521 3935 649 3988 tantum
662 3920 865 3991 naturalibus
890 3921 1014 3993 viribus
1029 3935 1137 4005 unns,
1160 3921 1233 3998 ιιοΰΡ6

229 4001 311 4096 cipit
326 4025 385 4085 sa,
415 4029 497 4098 quae
510 4004 573 4074 Dei
581 4018 673 4074 ‘sunt
715 4009 761 4075 Et
775 4004 837 4074 bue
854 4007 991 4076 'udicari
1013 4024 1133 4104 potest,
1157 4000 1180 4070 si
1196 4003 1233 4084 no

230 4087 345 4182 timent
358 4087 524 4172 homines,
550 4091 717 4186 quomodo
731 4091 830 4160 corda
850 4032 890 4161 le
902 4093 1067 4164 voluntate
1083 4090 1144 4162 Dei
1164 4087 1233 4153 senttl

228 4185 433 4273 otromuvere
448 4189 592 4254 statuant
604 4199 639 4244 se
657 4175 773 4270 respici
797 4189 833 4245 et
843 4177 991 4248 exaudiri
1004 4187 1032 4248 ‘a
1046 4185 1129 4252 Deo.
1165 4143 1233 4250 flautl

182 4295 188 4304 .
230 4256 306 4327 dem
322 4256 453 4329 dulbcilc
470 4274 518 4330 est
533 4275 564 4330 ct
577 4260 694 4332 sanctis
708 4261 864 4350 retinere,
895 4277 1021 4342 teritum
1036 4265 1139 4344 abest,
1165 4267 1191 4324 ut
1205 4253 1232 4311 ⁵¹¹³
