2548 4906
706 322 888 440 Apologia
988 448 991 454 Ι
1033 301 1036 308 ·

230 481 342 620 ptudal
362 514 603 606 ·-lndulgentiae
626 515 708 593 olim
733 497 827 590 erant
844 510 1098 612 eondbnationes
1119 518 1243 614 publicar

38 593 39 604 ¹
150 612 152 632 '
228 600 361 672 illarum
376 599 661 684 observationum,
693 602 899 674 ne‘nimiutn
929 604 1139 694 gravarentur
1159 603 1243 672 bonine

229 686 331 776 Quod
348 685 376 754 si
390 685 533 756 bumana
547 689 743 760 auctoritate
756 688 880 758 remitti
904 687 1138 758 satisfactiones
1151 705 1178 757 et
1188 713 1243 784 poen

151 809 154 822 ·
228 787 367 875 queunt,
390 796 457 844 non
472 769 571 861 igitur
582 771 656 872 jure
671 773 783 850 diuino
800 771 981 844 necessaria
994 791 1043 841 cst
1058 773 1116 842 illa
1128 795 1243 867 comptu

215 869 282 928 tro.
325 862 412 928 Naro
440 858 494 950 jus
525 853 674 928 divinum
706 883 773 928 non
795 857 926 928 tollitur
953 857 1096 930 bumana
1115 855 1243 928 auctorita

225 947 331 1018 Porro
347 965 422 1010 curn
439 965 525 1012 nunc
534 964 600 1046 per
617 967 652 1012 se
664 943 853 1038 antiquatos
873 941 1024 1025 sitinus,
1053 959 1087 1012 et
1102 941 1243 1038 quideuli

223 1017 458 1102 simulantibus
478 1029 667 1130 Episcopis,
695 1029 778 1098 nibil
802 1053 884 1124 opus
909 1043 958 1098 est
978 1028 1209 1098 remissionibus
1221 1025 1243 1092 ili

215 1119 270 1184 'Et
284 1131 394 1182 tamen
408 1126 530 1181 mansit
543 1121 664 1184 nomen
685 1113 975 1204 indulgentiarum.
1018 1117 1064 1183 Et
1085 1114 1164 1184 sicut
1179 1110 1243 1182 satist

222 1199 347 1273 ctiones
366 1221 434 1266 non
456 1195 637 1268 intellectae
660 1215 737 1270 sunt
759 1200 800 1268 de
823 1197 956 1292 politica
980 1197 1169 1292 disciplina,
1195 1195 1243 1264 sedl

221 1283 485 1378 compensatione
508 1307 650 1377 poenae:
690 1282 737 1353 ita
767 1282 989 1374 indulgentiae
1020 1282 1111 1361 male
1141 1281 1243 1356 intelleu

220 1385 315 1451 sunt,
345 1367 435 1461 quod
453 1366 741 1442 liberent'animas
766 1396 804 1440 ex
821 1365 1023 1461 purgatorio.
1067 1373 1113 1442 At
1133 1367 1243 1436 clarisn

220 1451 319 1528 habet
363 1467 551 1536 otestatenr,
581 1452 645 1522 nisi
668 1470 902 1548 superterram
926 1451 1068 1544 ligandi,
1107 1465 1138 1522 et
1156 1447 1243 1522 solvul

217 1539 310 1640 juxta
325 1475 422 1609 ilud:
457 1537 632 1639 Quidquid
649 1535 801 1630 ligaveris
818 1555 1072 1633 superterram,
1103 1537 1163 1608 erit
1174 1537 1243 1629 ligari¹

109 1655 112 1662 ·
217 1649 252 1696 ιιι
267 1623 368 1696 coelo.
413 1623 587 1717 Quidquid
604 1622 740 1696 solveris
756 1637 1008 1720 superterram,
1031 1624 1093 1698 erit
1116 1622 1243 1694 solutunt

101 1735 104 1758 ·
216 1709 318 1780 coelo.
363 1711 583 1802 Quanquam,
619 1725 778 1804 utsupra
807 1708 969 1792 diximus,
1001 1706 1101 1777 clavis
1121 1719 1243 1812 'potestate

214 1791 312 1864 babet
327 1819 395 1863 nou
410 1791 603 1886 imponendi
616 1815 737 1889 poenas
751 1809 808 1863 aut
821 1793 928 1866 cultus
940 1792 1144 1874 instituendr,
1166 1791 1243 1861 sedn

215 1894 286 1947 tum
306 1877 405 1948 babet
423 1879 614 1950 mandatum
637 1878 824 1964 remittendi
845 1894 977 1971 peccata
1000 1876 1068 1961 his,
1099 1878 1157 1976 qui
1175 1897 1243 1947 conve·

213 1979 344 2046 tantur,
377 1978 409 2034 et
432 1962 644 2052 arguendi·et
665 1962 967 2038 excommunicandi
988 1961 1087 2046 istos,
1120 1962 1173 2058 qui
1190 1957 1243 2030 nolo

211 2050 368 2124 converti,
411 2047 505 2117 Sicut
529 2047 617 2134 enim
643 2047 769 2122 solvere
792 2049 956 2140 significat
980 2048 1148 2120 remittere
1167 2061 1243 2147 peon

210 2128 256 2208 ita
272 2131 378 2224 ligare
398 2132 559 2226 significat
577 2157 644 2202 non
666 2132 831 2204 remittere
852 2150 993 2226 peccata.
1036 2133 1193 2228 Loquitur
1207 2147 1242 2218 ent

169 2279 174 2292 .
211 2215 363 2288 Christus
377 2219 532 2320 deregno
548 2217 723 2313 spirituali.
764 2223 811 2292 Et
822 2219 1015 2288 mandatum
1028 2218 1093 2288 Dei
1111 2234 1167 2300 est,
1188 2233 1243 2306 utu·

207 2300 306 2380 nistri
321 2303 496 2397 Evangelri
514 2302 687 2374 absolvant
700 2301 779 2386 bos,
811 2303 1132 2402 quiconvertuntur,
1153 2307 1221 2395 juxta

206 2383 281 2459 lud:
316 2392 464 2460 Potestas
478 2388 573 2460 nobis
588 2389 664 2462 data
679 2405 728 2458 est
747 2389 790 2460 ad
808 2387 1078 2457 aedrlicatronem.
1125 2393 1218 2478 Quare

207 2477 348 2546 servatio
362 2499 497 2544 casuum
511 2473 648 2568 politica
666 2499 717 2544 res
732 2491 789 2544 est.
832 2477 894 2544 Est
910 2473 999 2556 enirn
1019 2473 1192 2558 reservatio
1208 2485 1242 2612 pop

151 2603 153 2610 -
204 2581 266 2626 nae
282 2561 485 2642 Canonicae,
517 2583 586 2628 non
600 2575 650 2630 est
662 2557 840 2628 reservatio
854 2555 967 2650 culpae
982 2582 1094 2643 coram
1107 2564 1177 2626 Deo
1188 2555 1212 2622 ir
1222 2549 1239 2642 l?

170 2659 174 2674 ’
206 2643 263 2740 qui
285 2649 361 2714 ve're
383 2659 628 2716 convertuntur.
672 2643 816 2717 Proinde
834 2658 917 2711 reete
942 2637 1088 2712 'udicant
1116 2644 1240 2712 adverso

204 2751 278 2800 curn
291 2728 456 2813 latentur,
481 2727 572 2836 «prod
584 2727 621 2796 in
637 2725 775 2802 articulo
793 2726 941 2798 ntor-tisri
957 2728 988 2796 la
1009 2727 1184 2798 reservatio
1197 2743 1241 2792 cast

186 2829 260 2880 'um
276 2837 342 2883 non
364 2815 478 2888 debeat
498 2813 658 2915 impedire
678 2811 927 2884 absolutionem.
968 2813 1241 2906 Exposuimussu

170 2965 178 2978 ,
202 2921 290 2966 nram
304 2915 435 2992 nostrae
451 2897 617 2968 doetrtnae
641 2897 682 2967 de
697 2895 913 2993 poenitentia,
946 2921 1045 2990 quam
1070 2909 1161 2969 certo
1178 2894 1240 2964 seint

130 3019 136 3042 ι
150 3061 155 3069 ⁴
203 2983 291 3074 pianr
306 2999 338 3054 et
352 2983 515 3063 salubrem
529 2983 625 3054 bonis
636 2983 800 3052 mentibus
814 3007 892 3051 esse.
925 2987 970 3050 Et
983 2983 1064 3056 boui
1078 2983 1156 3065 viri,
1177 2979 1198 3047 si
1207 2995 1240 3072 cot

202 3067 334 3138 tulerint
349 3085 499 3136 nostram
514 3067 695 3144 doctrinam
708 3095 786 3148 ,curn
803 3066 1041 3142 confusissimis
1064 3062 1240 3168 disputatio

198 3151 260 3221 bus
289 3153 573 3232 adversariorum,
603 3153 803 3250 perspicient
825 3152 1031 3222 adversarios
1063 3143 1239 3242 omisisset

144 3306 147 3319 .
197 3237 338 3314 urinam
352 3238 392 3310 de
409 3237 473 3312 fide
483 3239 693 3332 justificante,
715 3253 747 3308 et
763 3235 952 3313 consolante
967 3235 1022 3332 pia
1036 3238 1149 3308 corda.
1187 3227 1239 3322 till

103 3351 106 3360 ’
196 3321 278 3396 bunt
291 3321 388 3393 etiam
402 3323 506 3398 multa
520 3325 641 3416 lingere
655 3321 874 3402 adversarios,
905 3322 946 3390 de
969 3323 1087 3393 merito
1108 3309 1239 3414 attritionl

195 3405 236 3476 de
249 3405 316 3496 ,itta
329 3407 458 3509 infinita
480 3409 728 3500 enumeratione
752 3406 970 3508 delictorum,
997 3407 1037 3475 de
1059 3406 1238 3481 satisfactio

163 3491 278 3574 'bus,
314 3489 390 3562 obre
417 3497 476 3580 γῆς
504 3495 627 3586 φασὶν,
658 3490 733 3562 oiire
757 3492 900 3582 odpuvoti
931 3490 1122 3582 aaronem,
1151 3495 1238 3588 quael

193 3575 259 3674 ipsi
273 3577 414 3675 quidem
424 3579 604 3673 adversarii
618 3579 697 3655 satis
712 3577 871 3680 explicare
889 3591 1040 3676 possunt,

355 3812 414 3889 De
438 3831 593 3887 numero
629 3815 665 3893 e't
690 3835 761 3887 usu
795 3809 1130 3914 §aeramentorum
1236 3753 1237 3811 i

274 4007 322 4077 lN
342 4009 427 4082 Xsst.
455 4011 688 4082 ARTlCULO
714 4000 1075 4102 probant'adversarii,
1101 3995 1219 4104 quod·⁸

187 4113 279 4172 ntus,
308 4093 517 4168 Sacramenta
530 4121 596 4165 non
615 4119 684 4164 esse
698 4109 826 4162 tanturn
849 4108 946 4162 notas
967 4089 1219 4186 professionum

185 4173 358 4260 homines,
387 4197 424 4252 ut
437 4181 570 4276 quidam
584 4179 729 4272 fingunt,
757 4177 814 4250 red
827 4177 936 4268 magis
951 4201 1021 4250 esse
1036 4176 1131 4268 sigua
1145 4189 1175 4242 et
1187 4187 1209 4240 te

186 4259 297 4332 monia
314 4261 494 4338 voluntatis
506 4267 570 4337 Dei
589 4287 756 4356 ergarus,
780 4287 839 4359 per
854 4286 939 4361 quae
957 4266 1171 4346 movet‘Detu
1220 4307 1221 4310 =
