2548 4906
59 3415 61 3422 ,
159 3411 165 3426 ,
232 3338 448 3412 contulerunt
490 3339 535 3406 Et
548 3335 647 3430 hujus
667 3334 832 3426 sacrilegii
850 3359 972 3431 poenas
994 3336 1169 3440 aliquando

247 295 336 420 cos
379 305 394 458 f
537 303 539 310 '
625 294 689 402 '.·
723 337 906 446 apologia

246 541 375 612 catum,
402 521 482 596 stes
497 519 601 595 orltus
621 521 694 596 sine
716 523 874 596 mandato
891 523 974 609 Dei,
1006 525 1077 594 sine
1095 519 1202 617 exemplo

244 629 379 712 pturae,
400 610 437 680 in
450 609 595 681 Ecclesia
611 610 796 695 instituere,
819 627 852 682 et
864 634 1001 686 coenam
1014 607 1142 680 Domini
1153 606 1203 676 insti

245 699 289 768 ad
303 694 562 767 recordationem
577 709 609 764 et
619 694 898 789 praedicationem
921 693 1010 768 inter
1028 691 1133 776 viros,
1156 709 1212 762 trau

245 782 290 853 ad
310 797 470 851 mortuos⁴
514 781 586 850 Hoc
608 793 657 852 est
678 779 771 866 abuti
791 779 924 854 nomine
944 779 1009 850 Dei
1032 795 1137 850 contra
1154 800 1214 846 seur

168 915 173 926 ι
227 882 462 964 praeceptum.
505 863 656 935 Primum
672 866 760 937 enim
775 863 970 940 contumelia
992 879 1041 934 est
1055 869 1142 934 Eran
1160 861 1209 958 elii,

236 953 329 1035 tire,
357 950 446 1045 quod
469 952 669 1034 ceremonia,
700 977 738 1024 ex
752 977 853 1048 opere
869 966 1026 1046 operato,
1056 888 1216 1020 sincidunt

177 1091 181 1100 .
206 1047 209 1058 ’
243 1035 402 1114 orificium
425 1034 639 1108 reconcilians
663 1041 793 1120 Deum
832 1051 865 1108 et
888 1033 1091 1106 satisfaciens
1111 1058 1165 1137 pro

150 1199 153 1206 Δ
242 1117 424 1194 llurrilrilis
439 1121 545 1191 oratio
560 1137 626 1205 est,
657 1123 852 1193 tantundem
874 1121 1018 1192 tribucre
1041 1145 1131 1216 open
1151 1141 1200 1186 sare

148 1275 153 1281 .
236 1223 403 1305 quantum
414 1204 514 1276 morti
529 1203 662 1276 Christi.
705 1208 833 1280 Deinde
848 1222 1017 1302 peccatum
1033 1222 1067 1276 et
1079 1227 1158 1274 mors
1169 1227 1210 1270 nor

233 1309 321 1364 ‹sunt
333 1290 420 1362 vinci
434 1289 500 1362 nisi
512 1291 577 1362 lide
589 1291 624 1360 in
641 1289 828 1375 Christum,
843 1291 942 1363 ‘deut
960 1287 1088 1361 Paulus
1106 1285 1215 1372 docet}

236 1375 330 1452 scari
344 1397 383 1447 tx
399 1377 462 1477 lide
479 1399 593 1472 pacem
605 1377 782 1463 habemus,
813 1398 915 1474 quare
932 1401 1000 1448 non
1014 1391 1120 1472 potest
1130 1371 1196 1443 rinei

233 1461 426 1566 purgatorii
447 1461 668 1557 applicatione
689 1461 792 1533 alieni
815 1489 835 1534 o
861 1462 937 1534 eris.
979 1499 986 1514 ι
1124 1481 1133 1490 ·

235 1593 239 1602 ·
327 1547 530 1619 omittemus
544 1547 633 1642 jam,
662 1545 776 1644 qualia
791 1547 813 1619 t
858 1563 935 1620 eant
950 1542 1132 1618 adversarii
1150 1539 1202 1614 testi

235 1636 294 1710 'sle¹
323 1657 363 1703 ur
387 1631 510 1715 aterio,
549 1633 664 1728 quales
694 1632 879 1704 existiment
905 1653 1029 1730 poenas
1055 1655 1124 1704 esse
1143 1647 1213 1726 purge

234 1657 490 1820 quaicciahear
505 1729 617 1817 causas
639 1715 787 1789 doctriua
807 1717 1089 1802 satisfactionum,
1121 1739 1200 1812 quen

239 1807 443 1880 ostendimus
472 1825 688 1892 ranrssrmam
717 1827 796 1873 esse.
838 1803 926 1874 Illud
956 1818 1087 1874 tanturn
1123 1821 1214 1894 oppon!

239 1897 444 1969 certum'cst
463 1912 599 1959 coenam
614 1887 754 1960 Domini
765 1887 958 1970 institutam
972 1911 1043 1958 esse
1064 1902 1186 1984 propter

238 1975 369 2048 sionem
386 1973 511 2070 eulpae.
551 1973 665 2044 Olfert
677 1973 766 2064 enim
781 1971 1011 2044 remissionem
1032 1989 1217 2068 peccatoram

190 2073 208 2124 '.
235 2085 371 2132 necesse
403 2076 544 2128 estsere
570 2058 702 2152 culpam
726 2058 920 2150 intelliget-e.
963 2063 1009 2128 Et
1027 2074 1136 2130 tamen
1154 2081 1198 2158 pro

235 2169 307 2218 uon
324 2143 492 2227 satisfacit,
521 2142 646 2246 alioqui
661 2144 765 2214 Missa
781 2159 864 2214 esset
884 2163 949 2241 par
969 2144 1073 2212 morti
1097 2137 1204 2214 ehrsd

237 2230 390 2304 remissio
407 2228 523 2323 culpae
537 2228 639 2322 accipi
651 2243 759 2324 potest
772 2227 883 2313 aliter,
912 2227 978 2298 nisi
993 2221 1077 2300 fite*
1113 2227 1197 2320 Igitur

237 2321 309 2388 non
332 2332 380 2386 cst
400 2310 596 2398 satisfactio,
624 2315 682 2384 sed
700 2312 878 2409 promissio
899 2327 932 2384 et
953 2317 1191 2386 Sacramentum
1204 2371 1223 2406 ¹,

211 2427 314 2495 ,rens
330 2401 439 2470 fidem.
473 2403 522 2471 Ac
539 2398 686 2494 profecto
702 2421 831 2469 necesse
847 2413 897 2468 est
912 2420 1028 2470 omnes
1041 2400 1114 2496 pios
1129 2395 1202 2468 e‘cerl

235 2489 352 2562 dolore
366 2483 481 2568 affici,
505 2481 534 2554 si
550 2483 713 2587 cogitent,
740 2484 879 2554 Missam
893 2486 1015 2576 magna
1027 2511 1066 2555 ex
1084 2499 1170 2580 parte
1180 2478 1207 2550 al

179 2635 185 2652 ,
235 2592 312 2646 tuos
331 2571 419 2650 etad
435 2567 680 2640 satisfactiones
703 2593 766 2664 pro
788 2569 907 2664 poenis
932 2569 1126 2642 translatam
1145 2591 1204 2638 csse.

235 2672 286 2732 est
302 2655 420 2728 tollere
436 2657 515 2755 juge
533 2653 729 2724 sacrificium
754 2679 792 2724 ex
815 2654 982 2741 Ecclesia,
1020 2653 1085 2726 hoc
1114 2670 1159 2724 est
1176 2655 1209 2720 dr

173 2815 177 2823 ,
234 2767 271 2816 re
318 2765 395 2824 um,
451 2763 486 2808 ιιι
499 2737 738 2810 saluberrimas
746 2739 983 2834 promissiones
999 2737 1219 2822 'de-remissiore*

60 2861 64 2879 ·
233 2771 315 2931 pff:
342 2830 382 2897 de
398 2763 484 2909 iric,
516 2821 680 2894 transtulit
696 2823 739 2893 ad
752 2825 944 2895 vanissimas
962 2825 1134 2932 opiniones
1151 2826 1209 2892 deo

234 2913 415 2995 ctionibus,
445 2909 515 2982 hoc.
535 2925 585 2980 est
611 2908 829 3012 Evangelium
855 2913 1095 2995 coniamrnare,
1129 2927 1225 2990 corrue,

158 3002 162 3022 ⁴
232 3025 331 3072 osum
345 3011 632 3066 sacramentorum.
665 2999 721 3064 llr
736 3012 824 3081 sunt,
844 3015 928 3092 quos
943 2996 1068 3068 Paulus
1083 2993 1162 3066 dixit
1173 2991 1225 3080 rcotl

231 3113 273 3158 co
315 3081 382 3153 oris
398 3097 431 3152 et
447 3078 617 3174 sanguinis
628 3077 792 3171 ‘Domini,
820 3082 879 3176 qui
893 3090 1131 3178 oppresserunt
1151 3059 1225 3172 dorni

132 3262 137 3268 ι
233 3110 374 3247 deride,
406 3182 439 3236 et
460 3165 698 3238 'remissionem-
718 3165 850 3260 culpae,
882 3183 915 3238 et
935 3191 1054 3264 corpus
1084 3182 1119 3237 ct
1140 3181 1225 3256 sanger

231 3251 373 3326 Domini
395 3253 438 3320 ad
458 3251 651 3345 sacrilegum
677 3267 850 3347 quaestum
876 3269 1049 3348 praetextu
1071 3241 1225 3397 ‘miii

233 3417 348 3513 Quare
363 3421 542 3492 cavendum
555 3438 606 3519 'est
618 3421 715 3512 nolris
735 3435 767 3492 et
783 3421 937 3493 omnibus
957 3423 1025 3522 pits
1044 3411 1223 3494 conscientiis

218 3511 414 3608 ,approbent
426 3507 688 3577 adversariorum
702 3505 834 3577 abusus.
871 3588 881 3595 ⁸
947 3589 951 3597 .
1153 3583 1161 3606 ⁶
1216 3571 1220 3592 ,

316 3591 781 3672 Sedredeamusedcausam.
825 3589 1032 3665 Cum-Missa
1048 3599 1206 3664 non‘srto

222 3675 315 3764 ctio,
340 3703 400 3748 nec
417 3699 479 3772 pro
494 3699 620 3776 poena,
649 3699 708 3748 nec
721 3699 783 3772 pro
796 3676 912 3774 culpa,
939 3705 978 3750 ex
991 3704 1089 3784 opere
1109 3683 1214 3772 operato

229 3765 312 3854 lide3
350 3763 501 3866 sequitur
528 3760 781 3857 applrcationem
835 3787 874 3842 ro
890 3779 1047 3836 ¹mortuis
1075 3757 1202 3833 inutilem

228 3855 344 3944 Neque
366 3848 421 3920 lrlc
440 3867 524 3942 opus
553 3863 602 3918 cst
620 3847 770 3938 longiore
792 3849 1025 3943 disputatione.
1068 3851 1191 3920 Constat
1224 3911 1225 3922 ,

229 3937 318 4030 quod
333 3933 407 4022 illac
423 3927 657 4026 applicationes
672 3958 734 4028 pro
749 3933 888 4004 mortuis
904 3935 997 4004 nulle
1009 3929 1157 4008 ,habeant
1175 3925 1225 4014 exli

224 4018 338 4114 pturis
359 4009 571 4118 testimonia.⁴
598 4023 666 4088 Nec
684 4031 861 4090 tutum'est
881 4018 917 4090 in
938 4018 1081 4092 Ecclesia
1105 4011 1225 4088 cuturn

227 4119 339 4196 tuere,
360 4104 431 4173 sine
449 4117 639 4176 auctoritate
658 4100 844 4198 scripturae.
886 4104 941 4186 Et,
960 4105 991 4174 si
1005 4103 1135 4200 quando
1149 4089 1225 4190 opul

226 4188 387 4286 prolixius
402 4189 442 4258 dc
459 4202 577 4258 tutare
595 4187 748 4258 dicemus.
783 4185 875 4277 Quid
888 4189 977 4260 enim
994 4169 1225 4268 nuncrixerrurl

250 4273 446 4386 dvcrsariis,
481 4273 540 4370 qui
561 4297 668 4369 neque
689 4271 1007 4368 quidsacrilicium,
1042 4253 1225 4367 neque‘qfflfl
