2750 4902
379 449 385 454 ,
477 335 701 468 Augustam.
787 456 792 466 .
900 355 948 456 f
1004 421 1018 430 ..
1081 349 1155 436 ..aas

45 537 237 627 Pontifiiem
254 551 441 620 Romanum
457 573 519 642 pro
536 544 650 618 officio
662 549 706 614 V.
717 546 767 645 C.
784 547 832 614 M.
846 541 1028 645 diligenter
1053 543 1151 614 dato-

44 663 115 710 ram
133 658 268 730 operam
283 631 323 703 dc
345 632 572 726 congregando
597 629 748 710 Concilio
771 629 925 722 generali.
978 629 1151 718 Quemad-

45 723 182 792 modum
203 716 293 791 idem
315 717 411 797 latins
436 713 620 812 'expositum
643 731 789 786 estante
811 714 993 815 annumin
1044 713 1152 785 nblico

70 806 198 886 rorimo
223 819 407 885 conventu,
468 804 502 870 ui
521 801 637 906 Spirae
659 816 875 892 congregatus
900 799 972 871 furt
1019 739 1089 870 libi
1108 805 1153 868 V.

46 835 88 964 il.
107 895 155 962 Μ.
176 915 237 984 per
257 827 725 969 Dominuquerdmandum,
758 884 915 956 Boc'miae
938 902 970 958 ct
989 890 1044 958 Un
1067 886 1155 958 ariae

47 983 193 1066 Regem,
215 970 357 1042 amicum
373 975 405 1039 ci
426 971 610 1044 Dominum
632 971 821 1042 clementem
845 987 1009 1050 nostrum
1039 912 1155 1042 deinde

48 1087 108 1156 per
122 1063 301 1130 Oratorem
317 1073 349 1128 et
372 1055 628 1126 Commissarios
647 1058 825 1139 Caesareos
835 1099 855 1140 ,-
873 1053 953 1126 hacc
974 1055 1058 1128 inter
1081 1081 1157 1126 caca
1201 1099 1205 1108 ·
1276 1037 1281 1065 ¹

51 1163 122 1216 tera
136 1140 277 1238 proponi
293 1140 387 1222 fe'cit,
403 1143 506 1232 .qu0d
527 1144 571 1210 V.
594 1143 633 1210 C.
658 1144 707 1211 Μ.
727 1139 953 1223 intellexisset,
979 1157 1012 1210 et
1034 1165 1157 1236 expen-

51 1230 151 1303 disset
164 1225 444 1306 Locumtcn‘entis'
456 1231 499 1296 V.
517 1227 557 1296 C.
572 1228 621 1298 Μ.
643 1224 679 1295 in
702 1225 859 1320 imperio,
887 1228 1158 1306 etPraesidentis
1244 1237 1256 1248 “

51 1332 83 1384 ct
101 1312 376 1384 Consiliariorum
390 1309 426 1401 in
442 1309 632 1404 Regiminc,
654 1327 686 1380 et
700 1315 896 1400 Legatorum
923 1313 964 1380 ab
987 1313 1059 1384 aliis
1080 1315 1157 1380 Sta·
1201 1312 1205 1322 '

51 1401 158 1482 tibus,
179 1398 237 1492 qui
252 1395 450 1467 Ratishonae
469 1410 704 1478 convenerant,
727 1395 993 1468 deliberationem
1009 1398 1049 1467 de
1064 1398 1159 1466 Con-

51 1484 127 1557 cilio
144 1480 384 1575 congregandn.
424 1485 473 1551 Et
493 1479 585 1576 quod
596 1479 758 1576 judiearet
773 1481 873 1551 ctiam
888 1488 931 1554 V.
951 1485 991 1554 C.
1007 1489 1056 1554 Μ.
1078 1483 1159 1552 utile

52 1595 143 1654 esse,
180 1583 219 1638 ut
246 1583 498 1670 congregaretur
520 1565 727 1648 Concilium,
756 1581 787 1634 et
806 1567 1047 1719 puta-causae,
1076 1591 1160 1674 qnae
1230 1649 1252 1659 VJ

53 1671 124 1750 tupi
136 1653 358 1726 tractabantur
370 1668 453 1722 mter
466 1657 510 1722 V.
527 1653 566 1721 C·
582 1653 632 1720 Μ.
646 1667 678 1721 et
690 1655 789 1723 Rom.
835 1651 1016 1740 ontificcm,
1038 1654 1161 1724 vic'rnae

53 1754 162 1808 essent
178 1735 372 1812 concordiae
395 1752 427 1806 et
444 1735 654 1808 Christianae
669 1735 944 1822 reconciliationi,
972 1763 1038 1806 non
1064 1741 1161 1810 tubi:
1232 1741 1277 1790 ·'
1343 1781 1349 1791 -

56 1839 141 1894 taret
152 1826 196 1892 V.
212 1823 252 1902 C.
267 1827 315 1900 M.
338 1821 419 1976 puin
438 1825 582 1894 Roman.
596 1819 748 1892 Pontifex
769 1813 1018 1918 adduci‘posset
1038 1825 1080 1893 ad
1101 1825 1162 1894 ha-

7 1917 8 1920 ’
56 1907 202 1980 bendinn
246 1931 339 1978 encra
354 1905 584 1989 eConcilium.
626 1907 702 1975 idco
717 1905 926 2006 'significahat
946 1921 981 1980 sc
1000 1913 1043 1979 V.
1059 1912 1099 1983 C.
1113 1913 1163 1982 M.
1218 1919 1220 1922 ’
1305 1966 1308 1976 ,

58 2021 79 2064 o
104 2017 195 2063 eram
229 2007 375 2074 aturam,
397 2008 433 2062 ut
445 1989 613 2087 praelatus
628 1991 931 2063 Pontrf.·Maximus
947 2020 1013 2064 una
1026 2019 1101 2068 cnm
1120 2001 1164 2064 V.

59 2018 102 2150 cl
115 2077 404 2169 montegemule
419 2075 617 2162 Concilium,
633 2075 743 2172 primo
758 2083 894 2172 quoqne
906 2095 1051 2180 tempore
1063 2082 1165 2152 emis-

44 2161 221 2237 ,sis'literis
233 2159 466 2258 publicandum
479 2185 677 2258 congregare
693 2163 896 2238 consentiret.
1025 2185 1028 2192 ·
1071 2231 1081 2240 ,

143 2253 182 2318 ln
198 2264 348 2318 'eventum
362 2273 440 2340 ergo
454 2247 571 2332 talem,
592 2248 681 2342 quod
697 2247 731 2314 in
748 2271 843 2318 causa
858 2249 1026 2341 religionis
1040 2251 1167 2322 disson:

60 2334 175 2421 siones
193 2332 279 2406 inter
298 2341 362 2420 nos
383 2349 415 2410 et
438 2331 672 2426 partesamice
695 2331 784 2403 etin
799 2333 937 2404 ‘caritate
957 2359 1028 2407 non
1047 2335 1168 2423 inierint

62 2415 284 2514 compositae,
306 2433 383 2488 tunc
399 2441 510 2486 coram
530 2421 574 2485 V.
598 2418 639 2486 C.
662 2419 710 2488 Μ.
729 2413 784 2486 hic
805 2413 842 2488 in
866 2419 958 2489 omni
982 2421 1169 2494 obedientia
1245 2470 1250 2482 ι

62 2527 126 2577 nos
151 2501 341 2584 offerimus,
365 2527 410 2572 ,ex
429 2499 707 2658 superabundanti
721 2503 975 2610 'comparitnros
987 2523 1018 2576 et
1038 2513 1185 2578 causam·

62 2590 210 2674 dicturos
226 2587 263 2659 in
281 2586 337 2658 tali
357 2612 458 2676 gener
491 2587 520 2674 i,
549 2585 654 2658 libero
677 2597 714 2659 et
731 2586 919 2658 Christiano
932 2582 1099 2679 Concilio,
1129 2596 1170 2664 de
1192 2599 1196 2608 ’

87 2700 132 2745 uo
154 2671 381 2776 congregando
401 2671 437 2761 in
455 2672 610 2744 omnihus
632 2671 789 2743 'Comitiis
811 2675 1057 2770 imperialibus,
1086 2704 1171 2776 quac

59 2791 63 2797 ·
89 2760 199 2829 uidem
209 2782 309 2852 ¹tinnis
332 2763 380 2829 lm
406 2759 466 2830 erii
486 2765 532 2829 V.
553 2759 594 2831 C.
615 2761 666 2828 Μ.
683 2755 794 2832 habita
818 2776 896 2830 sunt
914 2787 974 2855 per
994 2762 1169 2851 Electorcs',

63 2789 252 2939 drincipes,
286 2861 319 2916 et
341 2785 486 2938 reliquos
502 2849 616 2916 Status
632 2843 784 2938 imperii,
820 2869 948 2940 semper
970 2850 1172 2922 concorditer

64 2948 195 3012 actum,
214 2944 246 3020 et
261 2931 514 3021 congruentibus
527 2928 694 3020 suffragiis
708 2929 898 3018 conclusum
912 2948 969 3002 est.
1012 2935 1062 3002 Ad
1078 2937 1172 3030 cujus

66 3015 165 3086 etiarn
181 3014 341 3105 generalis
357 3013 497 3086 Conciiii
511 3029 726 3098 conventum,
755 3013 854 3087 simul
872 3032 911 3085 et
931 3018 974 3088 ad
997 3024 1039 3087 V.
1062 3021 1101 3092 C.
1126 3022 1172 3090 Μ.

11 3135 23 3146 r
67 3098 103 3171 in
119 3097 181 3165 hac
200 3095 255 3166 lon
278 3099 455 3186 emaxima
476 3117 507 3169 et
529 3097 721 3188 gravissima
743 3107 863 3181 causa,
886 3102 953 3194 jam
977 3101 1058 3186 ante¹
1074 3105 1185 3188 ctiam

68 3182 180 3254 debito
193 3124 294 3252 modo
309 3183 392 3256 etin
413 3185 521 3254 forma
545 3184 625 3251 'uris
666 3185 912 3269 revocavimus,
943 3207 975 3258 ct
995 3214 1015 3258 a
1039 3187 1179 3286 pellavi.

66 3293 154 3339 mus.
199 3265 264 3338 Cui
276 3267 488 3364 appellationi
509 3209 554 3339 ad
566 3275 611 3340 V.
627 3207 666 3338 dl
681 3272 728 3340 M.
745 3268 889 3342 simulet
905 3213 1091 3346 Concilium
1113 3277 1175 3346 ad-

67 3355 135 3426 hu'c
147 3349 366 3452 adhaeremus
385 3380 493 3450 nequo
517 3379 590 3428 eam
609 3379 669 3449 per
698 3353 786 3426 hunc
805 3353 856 3424 vel
879 3353 979 3428 alium
1003 3375 1176 3432 tractantur

17 3473 19 3481 s
70 3439 157 3531 (nisi
183 3462 280 3509 causa
300 3439 384 3510 inter
409 3465 470 3512 nos
495 3457 527 3510 et
550 3457 677 3536 partes,
712 3443 803 3535 juxta
829 3457 974 3516 tenorem
997 3449 1177 3518 Caesareae

68 3523 237 3628 proximae
245 3523 432 3626 ⁸Citatiouis
447 3525 549 3596 amice
566 3527 601 3596 in
616 3527 747 3595 caritate
767 3527 973 3619 composita,
986 3531 1118 3614 sedata,
1145 3547 1178 3602 et

61 3614 114 3681 'ad
130 3609 353 3684 Christianam
370 3609 577 3683 concordiam
596 3611 732 3682 reducta
752 3611 873 3768 foerip
884 3647 887 3658 ·
900 3613 1052 3695 deserere¹
1068 3613 1178 3686 insert·-
1249 3638 1253 3644 ’

73 3696 256 3852 dimuswaot
267 3715 460 3790 possumus,
485 3701 536 3772 De
551 3721 621 3796 quo·
634 3695 797 3774 nicetiana
812 3721 850 3770 so
863 3698 989 3772 enuiter
1001 3718 1034 3776 ct
1050 3701 1180 3798 publice
1230 3727 1235 3750 ·

72 3799 181 3880 protes
216 3803 300 3862 mur.
575 3819 577 3826 ·
783 3821 788 3828 ·
1138 3812 1146 3822 '
