2564 4902
876 238 880 252 l

121 425 131 448 ,
247 351 322 423 266
489 421 497 436 ,
670 345 728 418 De
753 359 950 446 potestate⁸

244 545 357 604 menta
370 542 538 614 testantur.
580 529 668 598 Nam
693 524 843 597 Christus
868 527 908 599 de
928 528 1077 601 clavibus
1101 530 1233 600 dicenslle

243 619 370 686 XVlll.
385 613 491 684 addit:
516 611 709 707 Ubicunque
722 611 787 681 duo
797 610 919 683 veitrds
930 615 1167 688 consenserints
1185 633 1233 710 pert

242 723 337 785 mm,
358 716 417 770 etc.
457 696 590 769 'l'ribuit
609 695 710 788 igitur
730 695 958 796 principaliter
978 699 1086 772 clares
1109 641 1229 770 Ectisie

242 785 452 866 immediate,
473 781 558 854 sicut
581 796 614 851 et
626 782 671 878 ob
697 805 770 852 eam
795 805 925 852 causam
947 781 1093 872 Ecclesia
1117 783 1232 880 principi

240 870 343 941 hahet
357 869 411 962 jus
423 863 617 938 vocationis.
661 871 777 962 ltaque
790 892 918 938 necesse
934 886 982 939 est
994 869 1029 939 in
1045 869 1115 940 illis
1130 871 1216 952 dictis,
1231 875 1233 934 l

240 971 331 1027 trum
344 951 503 1024 sustinere
517 975 693 1047 personam
707 952 809 1023 totius
823 969 934 1023 coetus
952 956 1187 1050 Apostolorum.
1216 959 1232 1042 ll

239 1049 278 1114 'se
290 1057 359 1110 non
374 1038 522 1110 tribuunt
535 1035 579 1105 ali
604 1063 690 1110 uam·
702 1037 964 1135 praerogativam
982 1065 1045 1110 seu
1062 1039 1233 1140 superioriut

238 1150 299 1202 seu
311 1122 568 1196 dominationem
581 1062 690 1196 iette-
1013 1145 1031 1212 .'
1091 1145 1095 1154 ’

149 1297 154 1305 ¹
325 1210 428 1312 Quod
442 1232 519 1278 vero
534 1206 656 1277 dictum
679 1221 745 1279 ests
775 1211 883 1304 Super
906 1207 991 1280 lianc
1010 1227 1138 1308 petram
1158 1210 1233 1280 aedile

233 1293 419 1366 Ecclesiam
434 1317 559 1364 meamt
576 1310 665 1364 'certe
678 1289 825 1364 Ecclesia
842 1318 907 1363 nen
921 1311 969 1364 est
983 1295 1150 1366 aedificata
1163 1319 1233 1390 supera

236 1377 418 1459 ctoritatem
432 1376 597 1460 hominis,
620 1378 677 1447 sed
695 1387 794 1478 supc'r
811 1377 1029 1466 ministerium
1040 1381 1144 1450 'illius
1155 1379 1233 1476 proles

181 1509 184 1522 ·
235 1465 303 1550 nis,
352 1489 427 1534 uam
436 1469 552 1534 Petrus
565 1462 702 1543 fecerat,
724 1485 759 1530 m
773 1485 838 1568 qua
853 1461 1233 1558 praedicatJesum'essell

176 1597 182 1622 s
236 1492 443 1626 stumilium
458 1546 532 1619 liti.
576 1547 653 1618 ldeo
669 1545 851 1641 alloquitur
867 1567 942 1618 eum
959 1565 1118 1646 tanquam
1130 1548 1233 1621 ministr

177 1708 187 1724 κ
236 1640 344 1732 Super
357 1636 442 1722 hanc
457 1649 603 1728 petram,
622 1631 745 1722 idest,
775 1657 873 1727 super
894 1631 956 1705 hoc
976 1636 1196 1706 ministerium.
1222 1637 1233 1698 l

134 1765 136 1772 ·
233 1745 272 1790 ro
293 1719 516 1792 ministerium
539 1716 617 1788 novi
642 1716 844 1787 'l'estamenti
866 1743 934 1788 non
948 1736 998 1790 est
1016 1719 1185 1812 alligatum
1197 1715 1233 1786 loe

187 1807 191 1822 '
232 1806 404 1902 personis,
427 1803 511 1875 sicut
524 1800 744 1872 ministerium
764 1802 963 1873 Leviticum:
994 1806 1052 1874 sed
1075 1821 1127 1876 est
1151 1805 1233 1896 dispcu

186 1940 193 1952 ·
233 1893 294 1992 p'er
310 1908 413 1962 totum
434 1890 549 1960 orbem
573 1903 751 1970 terrarum,
778 1902 811 1957 et
834 1887 882 1964 ibi
898 1903 963 1974 est,
991 1889 1051 1960 ubi
1067 1895 1160 1962 Deus
1173 1887 1233 1958 dati

233 2001 310 2057 sua,
331 1969 526 2068 Apostolos,
555 1967 756 2068 Prophetas,
779 1976 945 2058 Fautores,
967 1977 1148 2045 Doctores:
1168 1993 1233 2041 nece

197 2113 199 2120 .
232 2057 322 2131 illud
337 2054 559 2132 ministerium
573 2073 709 2152 propter
723 2056 822 2126 ullius
838 2061 1233 2151 personae'eucter'itaten,l

178 2215 181 2228 ,
254 2162 369 2242 roptee
387 2143 521 2216 verbum
542 2167 562 2214 a
585 2139 720 2213 Christo
744 2143 913 2214 traditum·
965 2144 1010 2218 Et
1033 2141 1100 2214 hoc
1121 2145 1233 2222 modos

229 2167 425 2328 de'persoua
438 2228 540 2318 Petri,
562 2226 818 2324 interpretantur
829 2226 966 2324 plurimi
984 2245 1022 2300 ex
1040 2229 1163 2300 sanetis
1174 2221 1233 2314 Paul

229 2314 314 2410 lianc
327 2315 533 2400 sententiam,
558 2315 610 2404 (su
636 2338 671 2382 er
684 2311 766 2384 hane
778 2317 920 2408 petram)
937 2330 975 2388 ut
988 2313 1165 2406 Origenes,
1185 2315 1233 2406 Cpl

228 2404 310 2489 sitis,¹
331 2399 552 2496 Augustinus,
573 2337 738 2484 lidorius,
761 2414 793 2469 et
804 2397 904 2468 Beda.
928 2437 932 2446 ·

225 2501 235 2514 '
315 2488 370 2560 Sic
390 2487 435 2558 ait
449 2481 720 2578 Chrysostomuss
751 2509 850 2580 super
867 2483 951 2557 hauc
964 2486 1122 2570 Petram,
1149 2501 1232 2568 none

132 2641 136 2654 ,
226 2565 375 2643 Petrum.
418 2577 498 2640 Non
513 2569 603 2638 enim
617 2593 717 2664 super
730 2565 914 2655 bominem,
934 2569 992 2642 sed
1003 2595 1104 2666 super
1117 2571 1232 2640 fidente

226 2657 409 2734 aedificavit
423 2653 604 2730 Ecclesiam
623 2678 726 2724 suam.
766 2655 867 2740 Quee'
879 2669 991 2724 autem
1005 2672 1076 2726 erat
1094 2657 1193 2730 lidos?
1212 2655 1231 2717 ll

205 2765 208 2772 ·
227 2741 401 2824 Christus,
430 2736 517 2808 filius
531 2737 597 2808 Dei
612 2737 689 2808 vivi.
731 2741 776 2808 Et
789 2737 955 2807 Hilarius:
979 2743 1077 2811 Petro
1090 2735 1232 2832 revelas,

224 2845 293 2910 ter,
320 2841 358 2896 ut
374 2813 510 2898 diceret:
544 2827 596 2892 'l'u
609 2849 643 2893 es
657 2821 764 2892 Filius
786 2822 849 2892 Dei
866 2822 942 2892 vivi.
985 2825 1097 2920 Super
1122 2821 1232 2908 bencipl

148 2933 151 2948 '
227 2908 439 2983 confessionis
466 2923 613 3003 petram,
644 2905 808 2982 Ecclesiae
838 2907 1020 2982 aedificatio
1044 2925 1114 2988 est:
1145 2903 1232 2980 hecel

128 3037 137 3046 ·
222 2997 390 3071 Ecclesiae
412 2995 668 3066 fundamentum*
687 3009 746 3064 est.

309 3087 355 3153 Et
369 3081 449 3167 hoc,
478 3081 568 3182 quod
589 3079 725 3149 dicitur:
758 3083 859 3150 Pasce
885 3103 962 3150 oves
983 3104 1085 3152 meus.
1131 3071 1232 3162 Item]

106 3199 112 3253 χ
208 3168 297 3260 llgis
311 3167 452 3262 meplus
468 3166 546 3234 lus?
573 3164 660 3234 Hinc
681 3166 830 3234 nondum
852 3163 1016 3260 sequitur,
1043 3166 1232 3260 peculiarcul

222 3251 446 3351 perieritatem
459 3255 558 3320 Petro
573 3249 731 3320 traditam
746 3273 826 3320 esse.
867 3249 969 3320 ,lubet
987 3273 1063 3320 eum
1080 3241 1231 3348 pessumi

195 3393 197 3400 ι
221 3356 287 3426 est,
310 3337 424 3406 decere
438 3336 590 3419 verbum,
613 3359 672 3405 seu
685 3332 866 3410 Ecclesiam
879 3335 979 3408 verbo
992 3361 1126 3428 regere,
1154 3325 1231 3431 quedl

158 3449 160 3455 ⁴
177 3493 179 3500 Α
219 3425 278 3496 liet
290 3422 408 3491 Petrus
422 3443 594 3490 commuue
610 3444 685 3488 cum
699 3420 834 3489 caeteris
848 3418 1026 3514 Apostolis.

308 3505 475 3576 Secundus
490 3501 645 3574 articulus
663 3504 770 3600 magis
792 3505 892 3576 etiam
915 3505 1109 3604 perspicuus
1132 3521 1231 3654 osup

222 3593 373 3664 Christus
399 3590 525 3661 dederit
544 3587 863 3691 ApostolisOtantum
882 3605 1081 3744 potestatem
1108 3591 1209 3690 spirits

214 3678 284 3748 'hoe
300 3693 365 3760 est,
393 3673 731 3757 mandatumdocends
743 3679 840 3744 Esau
864 3699 939 3758 eu,
964 3678 1231 3750 annunciandireu

220 3763 347 3836 sionem
362 3771 586 3870 peccatorum,
616 3700 864 3830 administrandi
880 3763 1105 3848 Sacramenta,
1130 3775 1231 3832 excom

165 3930 167 3933 .
219 3847 353 3921 nicandl
368 3845 487 3948 impios
501 3845 569 3916 sine
582 3843 617 3913 vi
631 3841 806 3938 corporali,
828 3869 888 3915 nec
901 3845 1025 3916 dederit
1034 3831 1231 3940 potestatend

219 3933 288 4017 dii,
307 3947 372 4002 aut
389 3932 438 3999 'us
454 3928 686 4012 constituendi,
711 3930 905 4024 occupandi,
935 3948 992 4000 aut
1009 3929 1231 4016 conferendist

219 4019 345 4100 mnudi.
372 4032 397 4108 ’χ
420 4014 540 4086 hristus
556 4015 642 4084 euim
663 4013 724 4083 eit:
745 4020 820 4100 Ite,
841 4016 990 4085 docentes
1010 4039 1137 4086 servare
1153 4041 1198 4096 ea,
1212 4025 1231 4100 qt

216 4101 367 4206 praecepi
388 4099 492 4170 vohis.
534 4105 633 4170 item:
678 4098 768 4174 Sicut
788 4098 880 4168 misit
902 4125 956 4170 me
980 4105 1097 4186 Pater,
1128 4101 1172 4170 ita
1190 4111 1230 4164 stt

172 4211 175 4216 ·
208 4188 313 4256 'mitto
328 4211 396 4264 vos.
440 4185 579 4258 Constet
592 4201 719 4266 autem,
748 4177 915 4256 Citristnm
930 4211 996 4276 non
1009 4211 1077 4255 esse
1103 4187 1225 4271 missum,

190 4342 193 4351 ,
217 4268 364 4367 gladium
380 4283 525 4368 peterem
541 4279 896 4366 aueteueretrepnum
908 4271 1125 4360 mundanum,
1146 4271 1230 4350 sicul
