2658 4892
248 259 338 410 '5th
371 313 374 321 ’
488 379 490 388 ⁴
581 308 758 438 termula
776 312 1018 412 Concordiae
1060 306 1068 363 ⁵
1111 299 1114 305 ’

247 482 349 568 menti
369 489 685 592 administrationem
712 490 911 586 requiritur,
937 509 975 565 ut
996 489 1033 564 in
1051 519 1115 568 con
1172 513 1204 569 tn
1219 482 1291 594 alique

179 608 185 622 ·
245 583 379 676 piorum
397 576 571 668 hommum
590 578 686 672 panis
710 593 744 647 et
763 519 1291 664 vinumhenedicrtond‘lonnn-

246 685 312 748 tur,
335 663 575 763 dispensentur,
595 677 775 763 sumantur,
798 661 861 734 hoc
882 679 943 744 est,
965 668 1103 736 edantur
1122 684 1156 740 et
1172 670 1290 750 bibantur,

156 768 158 786 ¹
247 765 391 822 etmers
412 751 552 817 nomm
579 764 801 818 annnnctetur.
818 787 828 804 a
847 750 901 820 Ad
929 751 1016 822 hunc
1042 751 1128 838 enim
1147 755 1291 824 modunl).

245 833 371 907 Paulus
390 848 492 926 totam
515 832 693 916 actionem,
713 831 749 912 in
816 835 951 930 apanis
968 834 1159 926 frangitur,
1176 847 1233 909 'seu
1253 839 1291 907 di·

245 917 404 993 tribuitur
423 933 456 986 et
475 919 636 1003 sumitur,
657 917 701 990 ub
723 941 784 988 ocu
799 943 836 990 os
857 917 955 990 notis
975 922 1142 1016 proponit

329 1003 528 1074 Accedamus
544 1003 617 1094 'jam
637 1003 737 1100 etiam
759 1006 802 1077 ad
816 1003 959 1089 dterum
976 1029 1011 1074 ca
1037 1021 1084 1088 ut,
1106 1007 1150 1076 de
1193 1033 1229 1077 no
1245 1031 1292 1100 pau

245 1090 279 1159 lo
299 1104 374 1156 ante
396 1087 517 1158 mentio
540 1103 589 1156 est
611 1088 707 1158 laeta.
728 1091 774 1158 Ut
792 1105 869 1164 vtro
890 1105 922 1159 et
942 1091 995 1185 pia
1013 1031 1211 1162 doctrinade
1224 1094 1292 1160 Corn

244 1169 384 1244 Domini
416 1174 540 1242 sincere
567 1189 828 1256 conservaretur,
859 1190 891 1254 et
918 1163 1114 1267 multiplices
1142 1175 1293 1248 idololatrici

245 1257 366 1330 abusus
397 1273 496 1350 atque
537 1251 741 1352 corruptelae
775 1257 888 1352 hujus.
910 1259 1106 1330 sacrosancti
1139 1259 1292 1334 'l'estanerti

247 1340 373 1414 Christi
405 1341 584 1412 vitarentur
617 1359 651 1412 et
682 1341 923 1426 abolerentur,¹
940 1342 1031 1416 utilis
1058 1344 1142 1417 laaec
1171 1345 1263 1438 regula
1278 1359 1293 1412 rt

243 1451 361 1500 norma
383 1453 421 1496 ex
441 1427 551 1524 verbis
573 1426 790 1498 institutionis
818 1431 950 1501 coenae
979 1429 1128 1506 desumta
1153 1449 1213 1502 est:
1238 1428 1292 1500 llilil

242 1513 343 1585 habet
361 1511 521 1581 rationem
542 1512 747 1584 sacramenti
768 1530 857 1586 extra
878 1539 976 1590 usum
1002 1537 1023 1583 a
1052 1514 1188 1588 Christo
1208 1515 1292 1584 institu-

243 1615 337 1680 tum,
366 1622 424 1666 seu
446 1611 537 1666 extra
564 1595 727 1666 actionem
751 1597 909 1668 divinitus
933 1597 1123 1670 institutam.
1176 1605 1251 1670 llaec
1264 1625 1293 1666 rr·

241 1682 321 1788 gula
341 1694 551 1777 nequaquam
569 1680 746 1773 rejicienda
768 1699 835 1763 est;
866 1707 987 1774 magno
1014 1683 1103 1753 enim
1133 1711 1206 1756 cum
1229 1685 1292 1754 lruttt

241 1795 278 1840 1n
297 1765 446 1838 Ecclesia
466 1763 591 1844 Christi
612 1765 748 1837 retineri
772 1783 878 1860 potest
898 1782 930 1838 et
942 1769 1045 1840 dehet.
1088 1769 1249 1840 Vocabula
1261 1793 1293 1836 u-

187 1929 192 1936 ,
242 1869 309 1924 tem
333 1857 427 1936 (usus
450 1873 508 1920 seu
530 1850 632 1938 actio)
660 1849 697 1919 in
719 1850 782 1921 hoc
808 1853 945 1952 negotio·
961 1854 1102 1948 proprie.
1120 1880 1191 1926 non
1209 1853 1293 1943 siguli

240 1953 318 2010 cant
338 1936 455 2020 iidem,
475 1960 535 2004 nec
556 1933 659 2034 selam
682 1937 986 2019 manducationem,
1009 1963 1093 2030 quae
1113 1965 1176 2010 ore
1202 1942 1246 2020 lit,
1265 1937 1294 2005 sel

241 2039 345 2094 totam
366 2037 533 2090 externam
562 2019 726 2092 vistbilem
752 2021 915 2093 actionem
945 2025 1076 2092 Curuae
1103 2025 1293 2095 Dominictet

243 2106 379 2178 Christo
402 2103 597 2195 institutam.
648 2107 701 2174 nd
729 2130 801 2176 eam
822 2130 901 2176 voro
930 2107 1106 2201 requiritur
1126 2107 1292 2184 consecratio

240 2217 300 2262 seu
318 2191 418 2260 verba
438 2187 668 2267 institutioni„
690 2190 878 2262 distributio
899 2207 931 2262 et
951 2193 1090 2276 sumtio,
1112 2211 1292 2268 sentement

229 2299 326 2380 puae
347 2274 493 2357 dicitur,¹
509 2271 616 2344 'oralis
644 2273 853 2348 manducatio
879 2274 1042 2346 benedieti
1070 2279 1170 2368 panis
1199 2295 1228 2348 et
1242 2273 1290 2348 vini

132 2389 135 2394 ·
239 2373 320 2432 1tem
341 2357 489 2456 eorporis
508 2375 542 2428 et
560 2361 729 2447 sanguinis
751 2359 876 2436 Cltristi
896 2363 1071 2454 perceptio.
1121 2367 1167 2433 Et
1187 2389 1250 2434 cum
1264 2387 1293 2426 er-

238 2465 299 2518 tra¹
312 2445 398 2514 hunc
418 2469 513 2514 usum
537 2442 631 2532 pariis
654 2443 692 2512 in
709 2441 812 2514 Missa
832 2439 1004 2516 Pontilicia
1023 2471 1091 2514 uon
1118 2445 1292 2518 distribuitu.

238 2528 370 2602 sedvel
402 2529 558 2610 offertur,
586 2526 639 2598 vel
667 2527 863 2609 includitur,
890 2528 942 2598 vel
966 2529 1246 2622 circumgestatur,
1265 2546 1293 2596 ru

238 2614 423 2688 adorandus
464 2616 656 2706 reponitur,
676 2637 743 2682 non
763 2629 812 2684 cst
834 2612 894 2684 ille
913 2626 975 2707 pto
998 2619 1209 2688 sacramento
1227 2639 1292 2716 agne

238 2699 386 2772 scendus.
441 2639 732 2787 lluomadmodum
766 2697 864 2775 etiam
901 2721 988 2794 aqua
1015 2700 1200 2795 Baptismi,
1231 2725 1255 2769 si
1272 2695 1301 2766 tl

208 2795 211 2803 ’
238 2799 412 2879 campanas
433 2781 666 2936 baptizandas,
692 2799 751 2852 aut
770 2783 815 2852 ad
834 2785 1014 2855 curandam
1039 2784 1167 2879 lepram
1180 2827 1183 2836 =
1197 2785 1291 2856 adhilt

235 2888 343 2950 retur,
366 2883 423 2938 aut
440 2892 461 2936 a
485 2867 610 2946 oranda
629 2883 889 2965 proponeretur,
908 2869 1036 2938 nnllam
1055 2868 1192 2942 haberet
1213 2876 1292 2940 Satn

236 2952 343 3026 menti
364 2949 607 3048 (Baptismatts)
626 2969 797 3023 rationem.
847 2954 1054 3054 Hujusmodi-
1070 2953 1291 3032 Pontificiisal

143 3089 144 3094 κ
236 3039 351 3110 usibus
378 3036 458 3106 haec
478 3035 591 3190 repula
616 3034 711 3105 initio
734 3055 929 3108 renascentis
954 3039 1147 3132 Evangelii
1162 3037 1289 3138 oppositu

26 3125 28 3130 ’
134 3125 492 3198 ιιειᾶδίεοῐ).

248 3142 270 3260 l
311 3149 456 3278 intirim
474 3221 584 3277 tamen
606 3205 811 3276 dissimulare
831 3231 897 3278 non
912 3207 1089 3296 debemus,
1101 3212 1189 3306 quod
1209 3217 1288 3282 Satu-

232 3292 387 3366 mentarii
405 3289 495 3360 lanc
516 3288 632 3360 utilem
651 3308 684 3362 et
702 3291 913 3364 necessariam
942 3297 1091 3384 regulam
1119 3297 1223 3376 vaire,
1241 3293 1289 3362 sul

235 3376 391 3461 tote,'et
413 3373 574 3446 malitiose
602 3375 645 3444 ad
676 3377 858 3471 negandam
883 3401 994 3448 veram
1024 3395 1058 3448 et
1079 3377 1287 3468 *susbstantialru

258 3463 451 3534 raesentiam
492 3475 524 3532 ct
545 3460 678 3562 ¹oralem
711 3460 995 3536 manducationem
1031 3465 1171 3558 corporis
1201 3461 1288 3554 lessl

179 3611 183 3630 ,
233 3492 337 3644 ξηαπ
357 3548 410 3640 hic
429 3546 465 3616 in
488 3549 583 3614 terris
602 3546 658 3626 fit,
681 3562 713 3614 et
734 3543 841 3636 dignis
861 3561 962 3642 atque
979 3549 1125 3640 ,mdsgnrs
1145 3565 1300 3641 commutet

131 3661 134 3668 ’
230 3631 298 3725 'ert)
318 3633 404 3702 falsa
427 3626 692 3724 interpretatione
715 3631 899 3732 depravent.
949 3635 1207 3728 interpretantur
1230 3651 1300 3726 erut¹

234 3743 307 3811 uam
329 3719 369 3786 de
391 3714 552 3809 spirituali
574 3740 646 3816 usu,
660 3715 736 3784 lidei
758 3731 912 3799 interno,¹
933 3739 971 3788 ac
991 3720 1153 3801 sentiunt,
1180 3733 1287 3785 sumne

232 3830 309 3873 nem
331 3805 462 3872 Coenae
482 3800 676 3870 Domanicae
703 3801 848 3890 indignis
875 3827 943 3874 uon
971 3827 1042 3872 esse
1071 3809 1283 3874 Sacramentun

178 3913 181 3920 ’
233 3907 267 3959 et
291 3888 362 3957 fieri
399 3884 727 3976 communicationem
757 3885 903 3980 corporis
941 3881 1285 3966 Christitantummodt

233 4001 250 4043 s
274 3972 455 4052 irituallter‘
494 3995 528 4038 er
549 3970 658 4051 fidem,
679 3985 735 4040 aut
748 3972 852 4042 «tidem
871 3969 936 4040 laec
948 3987 1134 4066 praestare,
1153 3984 1185 4038 ut
1198 3985 1284 4064 corpo

252 4057 361 4129 -hristi
383 4059 445 4123 in
476 4077 559 4124 orna
606 4078 733 4126 raesens
753 4057 806 4126 sit.
847 4057 929 4130 Inde
971 4080 1048 4126 orro
1071 4057 1232 4145 colligunt,
1250 4074 1284 4116 u*

231 4146 369 4300 ἓξὲξ,
391 4135 561 4237 infideles,
576 4077 781 4231 immites,
811 4165 929 4231 corpus
974 4139 1149 4212 ‘hristi‘nec
1164 4151 1282 4232 praese!tl

278 4313 285 4329 x
330 4238 621 4322 ,nccvacctpcrn
695 4286 698 4296 ,
754 4289 758 4300 ,
801 4255 803 4262 ⁴

544 3119 658 3190 uthere
676 3120 730 3224 pie
752 3123 912 3194 declarata
933 3139 992 3194 est.
1053 3155 1055 3160 ·
