2618 4902
90 248 106 294 i
204 291 281 436 aa
621 341 869 462 gepuogn·
948 291 1003 384 s
1064 316 1072 354 ·’

206 523 395 602 ohedientia
408 528 613 616 orgaDcum,
632 522 717 600 velle
731 522 876 618 accipere
888 518 1031 618 oblatam
1044 517 1303 621 promiopionen

207 639 276 690 nun
294 613 401 682 minus
420 613 569 702 tarpeio,
600 633 701 704 mam
720 607 872 678 dilectio:
913 605 985 677 vult
1006 607 1071 676 sihi
1092 607 1185 678 crede
1210 609 1303 674 Deru

78 723 82 741 ·
162 768 165 778 ,
208 699 280 852 mit
292 721 352 768 nos
367 695 408 766 ab
423 694 495 792 ipso
509 696 597 765 bona
609 694 773 789 accipere,
801 710 832 767 ct
845 692 879 762 id
896 689 1090 788 pronunciat
1109 713 1183 763 esse
1199 713 1303 758 verm

47 783 53 806 ⁸
208 810 249 854 cu
265 800 343 853 tum.
944 795 947 804 '

120 873 124 878 ’
298 871 471 938 Caeterum
487 861 667 934 adversarii
688 861 834 932 tribuunt
851 847 1019 930 dilectioni
1034 854 1303 952 justificationem

210 953 291 1048 quia
304 953 425 1046 uhique
440 950 520 1042 legis
533 948 690 1043 justitiam
707 949 839 1026 docent,
863 962 894 1014 et
908 944 1088 1040 requirunt.
1128 946 1214 1015 Non
1233 946 1303 1030 enin

235 1061 383 1125 ossumus
399 1061 537 1127 negare,
559 1032 642 1128 quin
657 1031 786 1102 dilectio
803 1031 845 1101 sit
860 1053 1025 1100 summurn
1042 1053 1127 1124 opus
1140 1027 1251 1120 legis.
1281 1036 1303 1100 E

131 1159 153 1186 w
208 1063 356 1192 humana
373 1120 531 1214 sapientia
547 1119 577 1187 le
601 1144 653 1186 em
669 1117 826 1199 intuetur,
839 1132 870 1186 ct
888 1115 1015 1208 quaerit
1029 1113 1065 1182 in
1081 1138 1118 1184 ea
1133 1114 1303 1206 justitian

209 1209 287 1278 ldco
311 1223 343 1276 et
364 1202 544 1274 scholastici
590 1218 731 1284 octones,
773 1227 826 1291 ma
874 1200 940 1270 iet
962 1197 1125 1300 ingeniosi
1146 1197 1303 1270 homines

199 1307 375 1362 summum
391 1313 473 1382 opus
495 1285 576 1380 legis
592 1287 798 1380 praedicant,
853 1285 906 1354 uic
919 1309 1010 1388 open
1024 1284 1175 1382 tribuunt
1189 1286 1303 1378 justiti·

152 1427 160 1448 .
210 1376 382 1446 rationem.
424 1372 490 1450 Sed
507 1371 632 1466 decepti
645 1369 789 1466 humana
804 1369 983 1470 sapieptta,
1004 1393 1075 1469 non
1087 1369 1257 1439 viderunt
1271 1371 1303 1438 la

107 1463 110 1469 ’
211 1465 295 1531 ciem
307 1455 597 1538 Moisi'retcctam,
626 1453 856 1536 sedvelatam,
879 1453 1163 1535 srcutPharrsaei,
1192 1455 1303 1524 Philo

212 1544 319 1640 sophi,
339 1541 598 1612 Mnhumetistae.
627 1543 754 1608 Verum
769 1563 830 1608 nos
844 1538 1014 1608 stultitiam
1024 1536 1199 1637 Evangelii
1220 1567 1303 1635 prae

213 1631 379 1720 dicamus,
407 1627 442 1696 in
464 1651 529 1722 quo
546 1625 612 1694 alia
631 1624 759 1727 justitia
775 1624 917 1696 revelata
935 1633 1001 1707 est,
1023 1622 1201 1709 videlicet,
1231 1649 1303 1722 quoe

237 1731 347 1809 ropter
363 1711 529 1782 Christum
546 1710 794 1804 propitiatorem
816 1709 896 1800 justi
910 1734 945 1777 re
971 1725 1116 1790 utemur,
1144 1733 1233 1778 cum
1251 1738 1303 1780 cre

210 1742 322 1870 dimus
344 1795 439 1876 nobis
454 1801 562 1867 Deum
583 1812 719 1890 propter
736 1791 903 1862 Christum
947 1729 1091 1864 laentum
1111 1817 1196 1864 esse.
1257 1801 1303 1866 Nn

213 1877 422 1986 ignoramus,
444 1895 603 1974 quantum
619 1881 700 1948 hace
716 1878 863 1948 doctrina
874 1819 1058 1950 abhorreat
1071 1905 1097 1946 a·
1110 1877 1249 1970 judicio
1269 1907 1303 1949 ra

213 1967 315 2038 tronis
326 1992 368 2036 ac
384 1965 482 2065 logis,
510 1989 569 2050 nec
587 1963 776 2055 ignoramus
789 1955 894 2032 multo
914 1964 1141 2060 speciosiorem
1162 1991 1245 2036 esse
1263 1969 1303 2036 do

213 2052 354 2122 utrinam
369 2049 450 2141 logrs
469 2050 507 2118 de
530 2048 712 2118 dilectione.
761 2054 824 2118 Est
839 2048 925 2118 enim
939 2047 1119 2144 sapientia„
1159 2053 1240 2120 Sed
1257 2075 1303 2120 not

211 2137 316 2292 pudet
331 2160 392 2204 nos
411 2131 570 2204 stultitiae
583 2129 765 2224 Evangelii.
812 2133 849 2202 ld
869 2152 1003 2230 propter
1022 2133 1165 2225 gloriam
1186 2129 1303 2206 Christi

239 2220 419 2290 ofendimus
433 2235 465 2288 et
478 2243 633 2319 rogamus
646 2218 830 2300 Christum,
854 2234 891 2288 ut
905 2219 1030 2315 Spiritu
1044 2235 1156 2290 ,sancto
1176 2246 1247 2292 suo
1261 2223 1303 2292 ad

214 2310 306 2401 juvet
322 2329 399 2386 nos,
422 2319 459 2374 ut
472 2303 686 2402 idprllustrare
701 2313 739 2402 ac
754 2303 931 2397 patefacere
946 2302 1120 2400 possimus.
1302 2381 1303 2386 .

95 2403 97 2408 '
262 2393 264 2400 ’
298 2389 488 2462 Adversarii
503 2411 538 2458 ru
554 2388 773 2460 confutatione
786 2405 818 2458 et
831 2389 919 2459 hunc
931 2389 1039 2459 locum
1054 2403 1169 2458 contra
1188 2413 1258 2460 nos
1273 2391 1302 2460 ri·

207 2491 384 2555 -mvcrunt,
421 2501 459 2544 ox
490 2473 645 2543 Colossr
688 2473 815 2542 Caritas
835 2491 885 2544 est
903 2473 1072 2546 vinculum
1092 2476 1302 2578 perfectionis

214 2561 302 2628 Hinc
314 2559 566 2648 ratiocinantur,
596 2557 686 2648 quod
702 2556 833 2628 dilectio
857 2557 1024 2640 ustificat,
1053 2583 1131 2652 qura
1146 2563 1301 2654 perfecto

147 2715 150 2721 ,
215 2641 325 2714 efficit.
377 2645 576 2736 Quanquam
592 2640 645 2710 hic
659 2641 769 2710 mttltis
783 2585 888 2734 nuptiis
904 2643 944 2712 de
956 2642 1153 2738 perfectione
1170 2669 1302 2740 respon·

151 2759 159 2772 ·
217 2727 286 2797 deri
302 2743 426 2822 posset,
454 2744 563 2796 tamur
585 2751 646 2794 nos
662 2725 853 2822 simpliciter
869 2729 1057 2798 sentatuiam
1073 2723 1174 2798 Pauli
1192 2732 1300 2802 recita·

214 2811 344 2884 bimus.'
387 2813 522 2885 Certum
538 2828 602 2892 cst,
633 2812 774 2882 Paulum
797 2813 836 2880 de
854 2803 1027 2885 dilectione
1042 2811 1190 2908 proximi
1206 2815 1300 2910 loqui.

116 2933 118 2940 ·
215 2901 332 2992 Neque
349 2921 426 2968 vero
440 2895 688 2991 existimantium
705 2913 770 2978 est,
818 2897 1018 2967 uodPaulus
1032 2916 1088 2984 aut
1099 2900 1300 2991 justificatio-

216 3007 310 3063 nem,
342 2997 398 3050 aot
414 2979 647 3076 perlectionem
661 3005 771 3050 coram
790 2922 880 3066 lieo,
909 2982 1246 3078 tribueritoperihus
1264 3015 1302 3064 scr

148 3083 152 3092 ’
214 3065 338 3134 eundae
351 3065 482 3136 tabulae
504 3064 630 3166 potius,
653 3089 753 3159 quam
769 3066 904 3170 primae.
944 3067 1034 3138 Etsi
1051 3069 1188 3140 dilectio
1210 3071 1302 3142 efficit

239 3150 390 3232 erfectus,
412 3147 496 3220 nihil
511 3147 609 3234 rgitur
626 3175 707 3244 opus
732 3168 793 3220 errt
811 3149 1026 3246 propitiatore
1049 3151 1202 3236 Christ03
1240 3184 1302 3227 nan

213 3176 294 3326 ides
310 3251 434 3306 tautum
449 3235 662 3332 apprehendit
673 3235 919 3329 propitiatorem
933 3237 1119 3320 Christum.
1157 3243 1242 3313 Hoc
1257 3249 1302 3326 au}

11 3318 28 3376 h
103 3351 109 3368 ν
214 3334 280 3390 tem
297 3318 486 3412 longissime
502 3320 593 3388 ahest
610 3320 801 3389 asententia
816 3321 931 3403 Pauli,
961 3323 1207 3428 quinunquam
1229 3329 1300 3426 pati

198 3450 199 3454 =
216 3420 272 3472 tor
287 3401 416 3474 excludi
437 3401 685 3498 propitiatorem
702 3404 879 3474 Christum.
933 3406 1095 3502 Loquitur
1109 3409 1219 3500 rgitur
1249 3439 1300 3483 nor

6 3505 11 3536 ¹
213 3487 255 3556 de
277 3486 439 3592 personali
459 3487 684 3588 perfectione,
710 3489 767 3588 sed
789 3490 828 3561 de
851 3489 1034 3584 integritate
1054 3497 1231 3566 cummuni
1249 3506 1299 3570 Ec·

212 3572 353 3642 clasiae..
383 3573 460 3643 Ideo
474 3595 559 3644 eninr
574 3571 857 3656 art,·d1lectronem
873 3599 941 3646 csse
953 3576 1142 3661 vinculum,
1162 3601 1228 3649 seu
1244 3585 1300 3654 col·

153 3643 166 3696 l
213 3653 422 3756 ligationem,
448 3673 488 3726 nt
501 3657 526 3726 si
551 3657 656 3726 nificet
671 3683 705 3726 sc
721 3657 813 3753 loqui
822 3661 872 3728 ⁴de
894 3657 1085 3750 colligandis
1100 3680 1132 3732 et
1146 3669 1301 3765 copulare

213 3740 264 3837 drs
281 3739 429 3838 plurihps
443 3683 599 3836 memhris
612 3743 773 3813 Ecclesiae
788 3744 872 3814 inter
884 3769 929 3814 se.
972 3746 1063 3816 Sicut
1074 3749 1164 3820 enim
1179 3777 1219 3820 1n
1240 3780 1301 3822 om-

213 3825 312 3892 mhus
325 3823 475 3910 famrliis,
497 3825 532 3894 in
549 3827 699 3898 omnihus
712 3829 969 3922 rehuspuhlicis,
993 3831 1167 3902 concordia
1183 3839 1301 3908 mutuis

127 3953 129 3960 ·
211 3909 327 3982 officiis
343 3911 456 4007 alenda
471 3928 532 4004 est,¹
542 3937 600 3980 nec
611 3911 746 3982 retineri
760 3911 979 4007 tranquillitas
991 3933 1112 4010 potest,
1121 3918 1198 3988 nisi
1206 3948 1301 4017 quac«

165 4041 168 4048 ·
211 3991 289 4082 dam
313 4012 417 4074 errata
441 4011 568 4064 intorsc
587 3993 792 4066 dissimulent
807 3997 956 4070 homines
974 4019 1005 4070 ct
1020 4002 1225 4084 condonent:
1265 4016 1301 4076 lta

152 4089 159 4106 ⁴
198 4144 201 4160 ,
210 4075 301 4166 jubet
325 4079 447 4147 Paulus
469 4079 503 4148 in
528 4079 674 4172 Ecclesia
695 4080 902 4152 dilectionem
927 4083 1080 4169 existere,
1110 4111 1200 4182 quae
1223 4095 1301 4162 reti·¹

174 4185 178 4196 ¹
205 4177 283 4231 neat
298 4163 520 4246 concordiam,
550 4191 632 4258 quge
648 4164 785 4248 toleret,
807 4167 910 4237 sicubi
924 4193 1005 4262 opus
1021 4188 1089 4252 est,
1117 4183 1298 4267 asperiores

206 4263 313 4342 mores
328 4247 485 4334 fratrum,
517 4273 601 4345 quae
620 4249 805 4325 dissimulet
818 4253 979 4348 quaedam
997 4253 1084 4330 levia
1101 4273 1236 4346 errata,
1266 4285 1297 4330 ne
