2618 4902
140 352 177 384 ,,
229 293 277 376 82
426 349 434 379 ,
604 261 629 316 Ι·
684 289 865 416 Apologlu

190 453 306 546 ”mus
328 493 402 570 eum
417 473 506 552 Deo,
534 461 602 546 uin
622 494 695 546 cunr
717 454 924 570 hominibusi
953 467 1011 540 sed
1024 490 1088 566 qua
1111 463 1293 559 apprehen

230 580 306 659 mus
318 572 473 657 granam,
495 572 526 625 et
541 579 652 708 pacem
670 557 988 654 conscteuttauNon
1004 569 1249 662 potestantem
1270 579 1293 622 o

231 657 363 712 roenna
377 658 491 745 pacata
504 666 542 710 re
564 641 598 708 dr
615 665 723 712 coram
736 645 827 728 Deo,‚
847 664 910 709 mse
927 636 994 706 sola
1006 638 1093 722 lide,
1115 641 1261 734 quae*)
1286 665 1293 705 r

106 767 112 780 =
232 730 295 798 tuit
308 727 520 824 nobrslleum
536 724 700 818 placatum
717 750 786 794 esse
798 739 933 818 propter
950 719 1135 794 Christum:
1174 727 1293 796 Juxta

229 809 305 891 lud:
327 807 501 900 Justisrcatr
518 837 555 880 ex
574 811 771 910 fideqpacem
784 807 955 889 habemus,
965 806 1042 900 quia
1054 807 1258 898 justificatio
1278 824 1293 876 t

110 919 112 926 ’
232 905 302 966 tum
317 911 365 964 est
375 920 427 965 res
435 893 539 988 gratis
553 913 714 995 promissa
726 910 859 990 propter
869 891 1048 976 Christum,
1064 916 1167 986 quare
1177 891 1293 998 {soleri

232 1005 301 1052 sem
326 1004 361 1048 er
384 1003 493 1050 coram
504 985 576 1048 Deo
594 995 764 1072 acciprtur.
1150 1027 1154 1037 ·
1180 1037 1190 1056 ,

346 1089 408 1134 unc
432 1063 532 1156 igitur
552 1063 822 1158 respondebimus
845 1063 888 1134 ad
903 1061 979 1134 illos
995 1059 1102 1144 locos,
1132 1083 1229 1165 quos
1249 1060 1293 1130 cit

232 1148 430 1223 adversarii.
452 1164 488 1217 ut
503 1147 736 1246 preberemus
750 1147 920 1218 dilectione
937 1164 968 1230 et
983 1144 1137 1302 operibus
1152 1149 1293 1245 justitio·¹

234 1239 287 1304 Ex
305 1231 483 1302 Corinthiis
502 1233 614 1302 citant:
637 1237 674 1301 Si
695 1259 826 1302 omnem
844 1233 941 1304 fidem
958 1229 998 1300 ha
1024 1253 1113 1312 earu,
1136 1249 1200 1300 etc.
1223 1256 1291 1301 carr

234 1337 300 1390 tem
315 1334 421 1388 autem
438 1341 505 1387 nort
517 1315 664 1400 habeam,
685 1315 767 1394 nihil
782 1343 866 1388 sum.
907 1321 951 1386 Et
963 1315 1018 1388 hic
1028 1313 1203 1406 magnifice
1222 1316 1293 1386 triu

234 1403 346 1511 phaot‚
367 1419 468 1473 totam
485 1399 681 1484 Ecclesiam,
703 1403 814 1502 ajunt,
836 1402 989 1472 certificat
1004 1399 1137 1484 Paulus,
1162 1401 1293 1495 quode

132 1553 135 1560 ,
233 1488 383 1584 lustilicet
397 1485 468 1555 sola
492 1487 581 1554 fides.
628 1485 747 1556 Facilis
771 1502 879 1556 autom
891 1485 1060 1581 responsio
1076 1499 1134 1567 est,
1157 1504 1293 1581 postqu

235 1571 436 1644 ostendimus
452 1595 489 1639 su
514 1587 568 1654 ra',
593 1569 673 1664 quid
688 1571 727 1642 de
743 1567 914 1642 dilectione
929 1588 992 1642 eto
1017 1570 1125 1638 eribus
1141 1571 1293 1648 sentiam

235 1658 299 1728 Hie
319 1655 407 1726 locus
423 1596 521 1734 Pauli
546 1653 685 1747 requirit
703 1655 917 1728 dilectionem.
985 1679 1063 1748 Mane
1082 1653 1289 1748 requirimus

234 1766 307 1814 uos.
356 1739 509 1811 Diximus
523 1738 610 1807 enim
626 1763 664 1806 su
688 1751 742 1824 ra,
765 1757 913 1834 oportere
926 1739 1058 1810 existere
1075 1737 1109 1807 in
1120 1739 1230 1810 nobis
1249 1767 1293 1809 ren

233 1829 409 1908 rationem,
429 1839 461 1899 et
475 1763 754 1916 inchoaumiegis
767 1823 1009 1921 impletionem,
1032 1824 1120 1906 'uxta
1134 1822 1250 1894 illud:
1271 1831 1293 1892 lt

187 1981 196 1993 ,
227 1911 279 2002 Ι1η)
294 1909 399 2000 legem
416 1933 522 1977 meam
540 1908 575 1976 in
592 1908 689 1980 corda
705 1936 827 1980 eorum.
870 1909 906 1978 si
922 1908 996 2005 quis
1015 1849 1236 1980 dilectionem
1254 1911 1293 1999 ahj

128 2021 130 2030 ’
234 1993 328 2076 uerit,
351 1991 477 2062 etiamsi
491 1991 588 2064 habet
602 2017 752 2088 magnam
769 1993 885 2076 fidem,
907 2013 1015 2065 tamen
1028 2017 1095 2064 non
1108 1993 1241 2064 retinet
1255 2020 1293 2064 eat

233 2081 312 2152 Non
332 2077 417 2146 enirn
432 2077 548 2146 retinet
563 2075 722 2173 Spiritum
745 2095 902 2160 sanctum.
943 2083 1057 2173 Neque
1074 2103 1152 2147 voro
1178 2077 1252 2149 hoc
1272 2079 1292 2146 lo

213 2177 219 2192 ²
233 2160 335 2234 tradit
349 2161 469 2232 Paulus
484 2161 620 2234 modum
636 2162 881 2246 ‘ustificationiu
902 2163 959 2234 sed
974 2187 989 2232 s
1009 2160 1087 2231 cibit
1100 2159 1165 2248 his,
1188 2164 1254 2257 qui
1269 2189 1293 2232 co

222 2246 374 2329 ,luissent
388 2247 574 2338 justificati,
604 2187 914 2342 colerundteranu
947 2189 1100 2319 utitouos
1114 2246 1254 2318 fruetus
1271 2250 1293 2316 le

235 2349 324 2431 rent,
351 2357 390 2400 ne
409 2332 592 2401 amitterent
608 2332 767 2428 Spiritum
791 2349 946 2402 sanetum.
987 2331 1293 2433 Acpraeposterel

45 2444 47 2452 ’
93 2465 96 2473 -
125 2451 127 2457 ·
234 2433 324 2487 crunt
347 2416 541 2501 adversarii,
573 2417 776 2488 huncunum
794 2415 904 2486 locum
918 2415 1034 2499 citant,
1067 2442 1101 2484 ru
1121 2439 1195 2509 quo
1215 2415 1292 2486 Paul

235 2497 331 2570 docet
346 2502 385 2569 de
400 2501 575 2582 fructibus,
604 2501 687 2572 alios
706 2502 796 2572 locos
810 2501 971 2605 plurimos
994 2493 1171 2582 omittunn
1195 2499 1236 2570 in
1259 2523 1292 2595 qu

167 2591 173 2598 '
233 2583 296 2658 ltus
321 2585 433 2654 ordine
465 2584 607 2678 disputat
627 2587 667 2655 de
689 2583 1058 2679 modoqustificatidnis.
1108 2583 1166 2652 Ad
1188 2583 1291 2676 hout

233 2665 306 2736 aliis
328 2667 427 2751 lo'cis,
456 2668 513 2763 qui
534 2669 573 2738 de
594 2670 656 2738 lide
676 2668 871 2765 loquuntur,
901 2695 1027 2763 semper
1050 2667 1290 2740 adscribuntur

207 2777 209 2782 ’
226 2751 424 2833 rectionem,
446 2753 535 2847 quod
550 2753 686 2824 deleant
699 2755 834 2848 intelligi
846 2755 885 2824 de
902 2753 963 2824 fide
976 2751 1125 2824 formata.
1173 2756 1244 2826 Hic
1259 2749 1290 2824 nl

231 2833 300 2906 lam
315 2836 504 2907 adscribunt
519 2838 867 2933 correctionem'quod
881 2839 944 2919 lide
959 2837 1057 2910 etiam
1072 2862 1158 2930 opus
1176 2838 1238 2924 sit,
1258 2863 1289 2909 su

230 2921 329 2990 tiente
343 2922 435 3014 'quod
448 2939 636 3016 reputemur
649 2923 727 3015 justi
743 2937 874 3019 propter
884 2921 1052 2992 Christum
1063 2920 1288 3025 'propitiatorq

229 3007 277 3074 lta
290 3006 466 3075 adversarii
483 3006 656 3082 eircludunt
667 3007 834 3078 Christum
848 3033 867 3078 a
881 3006 1110 3099 justificatione
1118 3057 1133 3088 ,,
1152 3023 1188 3078 et
1205 3026 1287 3080 tantu

200 3163 202 3170 ,
231 3089 347 3160 docent
369 3090 530 3182 justitiam
551 3089 641 3184 legis.
691 3092 757 3161 Sed
776 3095 945 3162 redeamus
960 3092 1003 3162 ad
1025 3090 1186 3162 Paulum.
1240 3085 1287 3166 till

158 3207 161 3214 2
229 3173 403 3329 quiequam
428 3203 465 3274 on
487 3177 550 3276 hoc
572 3193 658 3248 textu
683 3176 823 3275 amplius
845 3175 1028 3264 ratiocinari
1050 3191 1207 3277 potest„
1233 3199 1286 3274 qut

166 3293 168 3298 v
228 3283 294 3359 quo
342 3259 475 3354 drlectto
500 3278 542 3330 sit
562 3280 750 3348 necessaria.
801 3263 840 3332 ld
862 3260 1010 3332 latemur.
1059 3264 1153 3330 Sicut
1175 3285 1285 3348 necestt

142 3387 145 3392 -
222 3367 312 3434 ‘num
328 3361 392 3428 est,
423 3371 489 3413 non
504 3345 617 3413 iurari.
665 3351 778 3440 Neque
793 3371 870 3416 vero
890 3363 973 3415 recte
997 3342 1270 3446 ratiocinabitur,

133 3431 135 3438 ’
225 3428 300 3522 quis
312 3425 388 3497 inde
404 3429 483 3498 velit
494 3427 558 3509 lte-c
573 3425 715 3500 efficere:
737 3435 812 3500 Non
824 3429 927 3500 furari
937 3429 1163 3500 necessarium
1178 3451 1251 3521 est,
1262 3427 1284 3524 rp‘

223 3528 278 3580 tur
291 3537 358 3582 non
373 3512 487 3588 lucari,
499 3512 668 3605 justificat,
695 3513 771 3609 quia
786 3513 973 3608 justificatio
985 3539 1053 3584 non
1064 3528 1125 3609 ‚est
1139 3518 1229 3585 certi
1248 3533 1283 3614 op

130 3612 133 3617 ·
221 3595 268 3664 ris
286 3620 305 3664 a
329 3597 498 3690 probatio,
526 3597 581 3668 sed
597 3599 694 3668 totius
706 3624 874 3692 personae.
921 3596 1014 3674 Nihil
1028 3596 1127 3688 igitur
1145 3596 1257 3672 laedit

221 3679 277 3780 ‚tie
300 3622 398 3749 iauli
420 3681 522 3752 locus.
572 3688 712 3754 Tantum
736 3709 775 3752 ne
799 3683 958 3780 affingant
988 3681 1191 3776 adversarii,
1227 3713 1249 3779 q

131 3823 134 3832 ,
220 3763 301 3859 qurd
322 3765 402 3859 ipsis
423 3765 514 3862 libet.
556 3772 632 3838 Non
658 3767 751 3840 enim,
773 3767 868 3849 dicit,
896 3767 984 3862 quod
1003 3766 1159 3867 jusulicet
1178 3768 1250 3840 dile

217 3851 274 3918 ted
296 3850 385 3944 quod
406 3849 489 3918 nrhil
503 3850 583 3934 sim,
604 3851 639 3919 id
653 3870 718 3934 est,
747 3856 835 3947 quod
849 3853 928 3924 fides
949 3866 1174 3942 extinguatur,
1205 3882 1251 3948 qu

116 3970 125 3987 ·
215 3927 296 4002 libet
315 3958 434 4025 magna
456 3935 633 4028 eontigerit.
690 3943 766 4010 Non
791 3937 884 4020 dicit,
926 3937 1015 4032 quod
1045 3933 1181 4006 dileetio
1219 3941 1250 4008 ri

215 4032 353 4088 terrores
377 4018 500 4114 peccati
522 4038 552 4091 et
573 4021 707 4122 coortis²
735 4024 825 4118 quod
852 4020 1059 4100 dilectionem
1081 4037 1237 4096 uernam

246 4206 269 4278 'l
286 4208 399 4278 [tw]
418 4209 482 4266 rtet.
496 4225 571 4292 qut.
637 4259 639 4264 ,
