2602 4888
281 113 294 158 Ι

320 289 766 408 euuusmnurmu
1019 297 1100 418 tta
1167 255 1214 294 ⁷
1257 271 1289 302 ”

19 477 303 579 maniae-quosdam
319 467 513 582 Theulnges
530 441 742 573 conscripta,
755 493 790 552 et
802 482 844 548 D
852 463 1103 586 llarteLutberp'
1183 459 1188 466 .

19 571 202 664 dierumque
221 569 407 664 (uniusque
429 569 547 662 parus)
579 565 827 656 'theologorum
855 565 1103 664 subscriptione
1154 632 1183 658 ,.

18 655 250 752 plumbatam,
289 651 530 724 Ea‘sichcht':
794 667 798 674 '
1085 656 1090 676 ¹
1177 675 1180 682 ’
1257 711 1259 720 .

80 737 276 834 Audivimus
285 741 451 808 Bucerum
466 735 681 831 explicantem
696 758 791 807 suam
807 751 839 808 et
851 734 995 808 aliorum
1012 744 1099 812 con-'
1140 782 1148 825 ῃ
1234 769 1240 785 *-

17 821 212 907 innatorum,
232 821 291 918 qui
310 827 379 894 una
391 821 587 905 adfuerunt,
609 822 806 900 sententiam
823 823 864 916 de
879 826 1102 896 Sacramenta¹
1135 839 1145 858 ’·
1252 824 1253 833 ’

16 907 138 1002 torporis
156 926 188 978 et
202 909 372 998 sanguinis
389 904 533 991 Christi,
555 904 617 976 hoc
629 907 731 982 ¹modo
742 923 764 974 ε·
1230 914 1236 928 ’

76 995 290 1076 Confitentur,
306 995 399 1086 juxta
415 992 514 1061 verba
531 992 668 1074 irenaei,
685 983 1093 1066 Eucharistiam'constare

15 1077 117 1166 luabus
127 1078 235 1166 rebus,
258 1091 388 1148 terream
401 1075 587 1148 etcoelesti.
611 1076 949 1148 Proindesentiuntet
964 1079 1091 1162 docent,
1262 1145 1264 1152 ,

15 1189 65 1232 um
78 1187 170 1256 pane
191 1152 327 1233 et·iino
352 1187 426 1232 rere
449 1161 706 1232 substantialiter
728 1161 861 1246 adesse,
891 1163 1037 1234 exhiberi
1060 1169 1092 1236 c't
1197 1219 1200 1228 Δ

17 1246 78 1315 umi
95 1273 211 1342 corpus
227 1265 258 1318 et
275 1246 466 1338 sanguinem
485 1245 620 1316 Christi.
669 1251 727 1316 Er
738 1273 934 1402 1puanquam
957 1262 1090 1338 negant,

13 1333 63 1400 ieri
77 1333 485 1420 transsubstantiationem,
507 1357 567 1400 noc
583 1331 726 1404 sentiunt
762 1333 809 1402 eri
828 1333 966 1404 localem
982 1333 1090 1406 inclu-

15 1415 115 1498 ionem
131 1417 165 1486 in
185 1443 289 1512 panc,
312 1433 369 1492 aut
385 1411 565 1486 durabilem
586 1415 735 1510 aliquam
756 1415 1015 1510 cunjunctionem
1030 1447 1091 1488 ex-
1113 1495 1114 1503 χ

13 1525 145 1575 rausum
163 1501 380 1583 sacramenti,
404 1517 510 1570 tamen
529 1501 719 1588 concedunt,
745 1505 976 1573 sacramentali
990 1503 1105 1573 unio-''
1160 1515 1183 1560 Ν
1227 1521 1230 1532 ’

12 1591 244 1680 upanemesse
258 1611 377 1682 corpus
395 1585 539 1670 Christi,
564 1585 705 1668 bocest,
734 1605 883 1679 porrecto
907 1613 990 1682 pane
1012 1601 1089 1658 sen:
1150 1586 1154 1594 ’

11 1671 76 1741 iuut
90 1671 192 1744 simul
213 1672 327 1746 adesse
349 1689 382 1741 et
409 1697 481 1740 vere
505 1667 650 1741 exbiberi
671 1683 789 1766 corpus
812 1670 949 1742 Christi.
1001 1679 1089 1756 Nam

11 1772 77 1826 xtra
91 1783 208 1846 usum,
233 1759 312 1828 dum
326 1759 514 1862 reponitur,
535 1773 591 1825 aut
614 1774 798 1833 asservatur
820 1757 855 1826 in
875 1759 1005 1852 pixide,
1030 1776 1089 1828 ant
1185 1798 1187 1807 ·

10 1841 170 1912 »stenditur
182 1842 222 1912 in
236 1842 519 1936 proces-smnibus,
540 1857 576 1910 ut
591 1841 628 1911 fit
642 1843 732 1938 apud
751 1843 918 1938 Papistas,
946 1845 1090 1918 sentiunt
1186 1855 1190 1866 ’

9 1952 52 1996 ton
67 1929 312 2023 adessecorpus
329 1926 463 1998 Christi.
492 1973 504 1998 2
561 1981 584 2008 ,,
771 1943 778 1954 ’
947 1929 977 2005 st
1064 1951 1066 1960 ’
1149 1995 1154 2005 ,

69 2011 199 2090 Deinde
212 2011 300 2084 hanc
311 2011 554 2096 institutionem
565 2009 772 2083 Sacramenti
782 2037 810 2090 a,
820 2013 954 2088 Christo
966 2015 1088 2089 saetam

8 2098 127 2168 ¹entiunt
139 2097 300 2170 valerein
315 2095 478 2178 Ecclesia,
502 2123 560 2166 nec
575 2099 715 2190 pendere
739 2124 775 2168 ex
794 2101 949 2188 dignitate
965 2103 1017 2172 vel
1033 2103 1106 2170 in-''

8 2183 142 2274 lignitate
158 2181 305 2252 ministri
320 2199 352 2252 et
366 2184 534 2252 sumentis.
575 2188 701 2270 Quare,¹
722 2184 804 2254 sieut
820 2186 943 2256 Paulus
957 2187 1013 2270 ait,
1036 2205 1087 2258 et-

7 2290 51 2336 am
65 2269 226 2370 indignos
242 2268 439 2336 manducare
461 2273 726 2349 Sacramentum,
753 2267 799 2338 ita
820 2271 981 2355 sentiunt,
1011 2299 1087 2341 cnr.
1177 2309 1180 2318 ‹

6 2377 47 2422 tus
66 2351 193 2424 Chnsti
211 2369 244 2422 et
257 2353 448 2444 sanguinem
461 2377 536 2438 vere
552 2351 679 2447 porrigi
693 2352 789 2438 etiam
803 2353 958 2446 indignis,
981 2373 1013 2424 et
1030 2357 1084 2424 in.‘
1101 2377 1103 2380 ·
1167 2390 1168 2394 ,

6 2435 100 2528 lignos
124 2465 200 2508 vere.
225 2432 284 2507 illa
309 2463 456 2526 sumere,
479 2436 537 2506 ubi
563 2453 732 2506 servantur
755 2431 853 2509 veiha
872 2456 904 2509 et
922 2440 1086 2522 institutio
1137 2503 1143 2514 ,
1174 2469 1177 2475 ·

6 2522 125 2594 ibristi:
150 2523 210 2593 s'ed
225 2522 307 2612 tales
324 2538 457 2592 sumunt
474 2523 516 2590 ad
530 2522 708 2616 judicium,
732 2540 767 2591 ut
785 2523 907 2593 Paulus
923 2525 985 2611 ait,
1002 2527 1086 2622 ⁴'quia
1162 2579 1164 2583 -

8 2605 167 2680 butuntur
185 2612 420 2689 Sacramento,
447 2633 523 2685 cum
548 2607 619 2678 sin'e
645 2631 722 2678 vera
746 2608 945 2702 ppcnitentia
968 2613 1086 2684 attide
1146 2623 1148 2630 '
1172 2653 1177 2662 ·

7 2719 25 2764 o
42 2711 191 2767 utuntur.
236 2693 313 2762 ldeo
330 2690 418 2762 enim
431 2691 617 2762 institutum
635 2708 693 2772 est,
718 2710 755 2762 ut
772 2709 911 2775 testetur,
934 2695 1004 2766 illis
1021 2700 1103 2794 api
1185 2729 1187 2734 ¹

6 2777 94 2850 liceri
110 2777 255 2872 gratiam
273 2793 304 2846 ct
319 2775 476 2862 beneficia
494 2776 642 2859 Christi,
662 2776 739 2847 illos
754 2778 854 2849 inseri
878 2779 1032 2864 Christo,
1053 2799 1085 2852 et

6 2859 141 2956 anguine
157 2864 232 2962 e'pus
246 2861 356 2952 ablui,
379 2864 438 2956 qui
457 2869 557 2954 agunt
571 2861 827 2958 poenitentiam,
851 2881 883 2934 et
899 2867 1031 2958 erigunt
1049 2893 1085 2962 se
1118 2950 1124 2959 Ι

8 2947 43 3019 tle
67 2951 102 3020 in
126 2949 315 3023 Christum.
355 2979 379 3012 u
505 2965 509 2969 ’
1038 2993 1046 3020 ¹.

63 3031 258 3130 lnseq‘uen'ti
289 3056 379 3106 anno
408 3031 585 3130 praecipui·
610 3035 820 3133 Augustanos
855 3032 1098 3119 Confessionis‘
1178 3095 1180 3106 .

6 3115 140 3206 theologi
163 3147 182 3190 e
205 3132 275 3188 tota
295 3120 473 3186 Germania
494 3115 728 3198 Smalcaldram
744 3119 912 3188 convocati
936 3137 1024 3203 sunt,
1046 3139 1084 3192 ut
1121 3163 1125 3176 ι

6 3205 178 3292 rmedium
204 3195 426 3284 consulerent,
453 3225 537 3295 quac
564 3199 728 3272 doctrinae
751 3207 785 3272 ia
812 3202 875 3286 ita,
904 3203 940 3272 in
963 3207 1084 3278 nostris

6 3289 133 3378 'eclesiis
148 3289 308 3358 hactenus
322 3283 507 3380 proposita,
533 3285 684 3371 Concilio
701 3230 809 3380 (quod
816 3288 979 3360 Pontificii
996 3289 1083 3364 cele„

6 3375 104 3444 saturi
124 3369 334 3462 dicebantur)
358 3371 583 3440 exhibendaet
596 3369 798 3442 defendenda
814 3389 930 3446 essent.
972 3377 1021 3444 lbi
1039 3379 1083 3450 D.

6 3459 141 3532 lutherus
164 3455 323 3530 articulos
344 3453 440 3537 illos,
463 3481 547 3550 quos
569 3455 805 3528 Smal'caldi'cos
828 3475 960 3542 vocant,
991 3479 1110 3532 cum..¹
1137 3533 1139 3538 ,

6 3545 110 3630 osuit,
132 3544 193 3648 qui
207 3536 373 3610 communi
387 3557 418 3610 et
432 3539 581 3611 unanimi
597 3547 756 3611 consensu
777 3541 818 3611 ab
839 3544 991 3616 omnibus
1015 3547 1082 3618 illis'
1120 3582 1122 3588 ·

6 3625 180 3721 'teotogm
250 3627 516 3708 iconvenerant,
538 3621 773 3719 subscriptione
794 3629 973 3699 confirmati
997 3649 1082 3704 sunl·
1103 3671 1119 3706 n
1160 3633 1164 3644 ’

6 3740 15 3781 r
31 3715 82 3784 his
98 3714 208 3786 articu
224 3715 253 3779 is
267 3713 311 3781 D.
327 3709 489 3782 Lutberus
500 3726 611 3778 veram
628 3726 659 3780 et
682 3709 856 3802 genuinam
880 3738 977 3808 snpra
990 3741 1081 3786 eom-

6 3817 181 3870 temnratae
197 3795 382 3884 formulae,
404 3793 656 3884 Wittenbergae
679 3796 897 3890 conscriptae,
924 3798 1081 3872 sententi-
1111 3819 1115 3826 '
1207 3801 1210 3810 '

6 3913 48 3970 m,
66 3885 227 3956 brevibus
243 3882 403 3974 quidem,
417 3879 476 3948 sed
489 3878 750 3972 significantibus
760 3897 792 3949 et
807 3883 985 3978 perspicuis
1003 3913 1082 3954 ver-

6 3969 48 4054 is,
62 3995 157 4065 quae
180 3965 330 4064 proxime
354 3965 398 4034 ad
422 3963 521 4034 verba
536 3963 669 4038 Christi
689 3966 892 4060 accederent,
917 3969 1081 4064 explicuit.
1162 3994 1169 4019 ¹
1250 4038 1255 4050 ,

6 4051 238 4136 aeramentarii
252 4052 342 4141 enirn
365 4051 434 4144 jam
456 4050 558 4118 dictae
580 4047 749 4120 formulae
767 4051 867 4122 rerba
894 4054 937 4122 ad
958 4053 1079 4124 malam
1192 4083 1214 4124 ·.
1275 4121 1278 4138 ,

6 4163 70 4210 tam
97 4147 236 4212 causam
259 4135 457 4206 fulciendam
476 4132 624 4226 plattein
641 4133 787 4205 alienam·
804 4137 996 4206 seutentiam
1020 4139 1091 4207 de-'
1111 4155 1118 4163 ’“

6 4223 159 4316 egomt,
177 4219 275 4318 guod
288 4217 438 4300 videlicet
452 4215 711 4326 corpus‘Christi
732 4227 805 4292 non
817 4220 887 4292 alia
903 4223 1080 4296 rationein
