2618 4902
503 311 763 422 Conlesslonis.
794 365 815 396 u
1134 285 1200 430 59Ι

85 516 324 674 paple'ohlotam
345 514 598 612 promissionem
624 508 827 584 remissionis
852 529 1056 608 peccatorum
1076 529 1113 586 et·
1132 515 1188 605 ju·-

84 602 300 678 siccationis.
754 627 756 634 ·

108 709 116 716 ·
169 695 217 760 Ac
231 679 328 755 lncile
343 699 450 778 potest
465 679 552 756 cerni
568 681 742 754 discrimen
758 683 842 754 inter
853 683 936 752 hane
949 683 1066 767 fidem,
1088 700 1120 753 et
1132 682 1187 753 in·

84 791 134 846 ter
150 771 310 865 justitiam
332 768 444 858 legis„
467 769 563 838 Fides
589 783 638 838 est
654 770 804 859 λατρεία,
835 793 920 862 quae
939 767 1058 862 accipit
1078 771 1187 861 aDep

86 860 197 930 oblata
211 855 384 932 heneficia;
413 852 545 922 Justitia
565 852 594 921 le
619 852 644 920 is
661 870 708 922 est
723 854 873 944 tarpeia,
896 877 980 948 quae
995 852 1099 936 ,offert
1113 858 1187 924 Deo

86 961 198 1014 nostra
214 939 342 1009 merita.
391 937 474 1016 Fide
491 937 536 1006 sic
552 877 622 1005 vuit
643 937 707 1006 coli
721 945 830 1024 Deus,
852 954 888 1008 ut
902 938 943 1006 ab
958 937 1031 1032 ipso
1046 935 1188 1032 accipia-

87 1053 160 1097 mus
176 1049 232 1106 ea,
266 1049 350 1118 quae
365 1022 525 1117 promittit
543 1038 576 1090 et
591 1019 700 1091 ol'lert.
777 1071 779 1078 ,
839 1061 843 1072 ·

173 1110 272 1196 Quod
293 1126 399 1176 antem
418 1109 496 1176 fides
518 1106 674 1198 significet
695 1133 760 1177 non
783 1109 907 1177 tannim
922 1103 1078 1180 historiae
1096 1105 1187 1186 noti-

88 1197 182 1278 tiam,
211 1195 268 1264 sed
290 1191 382 1261 illam
397 1193 511 1270 fidem,
540 1216 623 1286 quae
639 1193 813 1262 assentitur
830 1191 1057 1286 promissioni,
1078 1209 1188 1288 aperte

89 1297 222 1350 testatur
238 1277 378 1360 Paulus,
405 1277 464 1371 qui
479 1276 537 1344 ait:
557 1274 832 1369 Justitiamtadeo
858 1304 895 1344 ex
912 1277 1075 1358 hdeesse,
1097 1291 1133 1350 ut
1147 1277 1190 1346 sit

86 1369 179 1434 lirma
194 1362 381 1462 promissio.
423 1360 529 1430 Sentit
545 1361 649 1443 enim,
672 1361 924 1456 promissionem
940 1388 1007 1431 non
1022 1387 1117 1456 posse
1132 1387 1188 1432 ac·

87 1452 170 1546 cipi,
196 1449 259 1536 nisi
274 1449 350 1517 fide.
395 1451 506 1536 Quare
525 1445 609 1536 inter
624 1471 658 1514 se
674 1444 865 1518 correlative
880 1465 1047 1541 comparat
1059 1464 1090 1515 et
1105 1474 1187 1525 con-

86 1536 185 1604 nectit
201 1531 452 1638 promissionem
468 1529 613 1600 etlidem.
635 1533 838 1626 Quanquam
846 1529 941 1600 facile
956 1531 1017 1600 erit
1031 1532 1187 1627 judicare,

87 1619 168 1715 quid
185 1635 227 1687 stt
241 1617 332 1701 fides,
354 1617 382 1684 si
398 1615 583 1718 spmholum
599 1615 861 1698 consideremus,
884 1616 942 1686 nbi
957 1633 1040 1686 certe
1054 1616 1189 1711 ponitur

87 1706 140 1774 hic
158 1701 321 1784 articulus,
335 1703 572 1773 Remissionem
589 1719 807 1793 peccatorum.
836 1706 950 1793 ltaque
965 1727 1033 1769 non
1049 1699 1128 1770 satis
1142 1719 1191 1772 cst

88 1789 234 1870 credere,
257 1777 516 1882 qidehrislus
533 1802 645 1870 natus,
665 1811 798 1881 passus,
822 1783 1029 1878 resuscitatus
1043 1785 1102 1868 sit,
1127 1785 1189 1856 nisi

88 1873 240 1942 addimus
264 1889 295 1940 et
317 1871 403 1940 hunc
427 1869 617 1952 articulum,
649 1871 706 1964 qui
725 1888 773 1940 est
789 1893 885 1940 cansa
901 1869 1009 1940 finalis
1024 1867 1188 1968 historiae,

87 1957 327 2028 RemisSioncm
366 1973 556 2025 erratorum.
580 1956 631 2024 Ad
647 1955 734 2028 hunc
750 1953 924 2024 articulum
932 1954 1048 2024 referre
1065 1973 1189 2024 caetera

88 2058 232 2139 oportet,
251 2065 322 2135 ¹qno
363 2039 514 2110 videlicet
528 2059 662 2134 propter
677 2038 865 2121 Christum,
895 2065 963 2110 non
977 2056 1110 2134 propter
1126 2065 1188 2112 no-

87 2146 153 2216 stra
168 2126 293 2210 merita,
318 2127 458 2194 donetur
472 2126 567 2192 nohis
582 2125 731 2194 remissio
747 2141 962 2226 peccatorum.
992 2125 1085 2213 Quid
1100 2123 1191 2195 enim

88 2239 170 2304 opus
188 2227 273 2294 erat,
298 2210 467 2287 Christum
482 2209 628 2304 dari'pro
642 2228 779 2304 peccatis
795 2208 925 2292 nostris,
947 2209 1100 2297 sinestra
1116 2235 1188 2280 me-

87 2299 151 2370 rita
164 2307 228 2391 pi'n
243 2295 381 2389 peccatis
398 2294 516 2362 nostris
553 2295 880 2364 ossumsaeisfacere?
962 2299 971 2304 ’
1163 2363 1167 2374 ,
1207 2359 1211 2366 .

175 2380 316 2466 Quoties
339 2379 438 2470 igitur
462 2379 501 2447 de
523 2317 585 2448 lide
607 2379 799 2470 justificante
816 2377 1001 2481 loquimur,
1020 2375 1189 2466 sciendum

89 2481 158 2548 est,
180 2464 261 2534 hate
278 2463 342 2532 tria
354 2465 478 2557 objecta
492 2487 698 2546 concurrere,
718 2461 982 2560 promissionem,
1006 2464 1189 2558 etquidem

88 2549 284 2641 gratuitam,
305 2565 337 2636 et
351 2547 466 2618 merita
482 2547 625 2630 Christi,
655 2565 809 2643 tanquam
823 2548 965 2651 pretium
979 2564 1011 2617 et
1047 2549 1191 2643 sopitio-

87 2640 219 2722 tionem.
262 2631 445 2722 Promissio
459 2634 614 2727 accipitur
627 2634 709 2717 fide,
727 2573 1063 2724 graturtnmexclodit
1079 2654 1201 2724 nostra

87 2720 222 2802 merita,
251 2718 456 2808 etsignihcat
468 2735 595 2796 tantum
611 2745 670 2812 per
684 2719 942 2800 misericordiam
957 2717 1071 2790 offerri
1088 2719 1191 2792 hene·
1254 2795 1255 2798 ,

88 2806 216 2886 licium,
244 2802 370 2873 Christi
384 2805 499 2880 merita
517 2821 592 2872 snnt
606 2805 766 2899 pretium,
799 2805 876 2906 qtria
893 2819 1023 2896 oportet
1040 2803 1191 2876 e'sse⁴ali·⁴

89 2913 187 2984 quam
208 2907 325 2957 certam
341 2915 400 2981 pro
426 2889 605 2959 illationem
622 2915 684 2983 pro
701 2887 985 2984 peccatisnostris.
1023 2890 1192 2982 Scriptura

90 2974 205 3042 crebro
230 2915 484 3054 misericordiam
498 2974 543 3042 im
569 2974 663 3044 locat.
712 2979 757 3042 Et
771 2977 806 3042 S.
822 2979 936 3044 Patres
957 2998 1052 3066 saepe
1068 2975 1190 3058 dicunt,

89 3083 153 3126 nos
166 3082 225 3150 per
239 3056 493 3128 misericordiam
507 2999 634 3128 saliari.
666 3058 805 3142 Quoties
821 3058 923 3148 igitur
931 3061 970 3126 tir
984 3059 1108 3132 mentio
1124 3061 1190 3138 mi-
1229 3085 1232 3094 ’

89 3141 300 3222 sericnrdiac',
330 3143 495 3224 sciendum
515 3147 585 3222 est,
611 3140 798 3235 quod.fides
814 3143 861 3214 ibi
876 3143 1077 3238 requiratur,
1107 3171 1191 3242 quae

51 3275 52 3282 κ
114 3225 342 3308 romissioncm
365 3227 601 3298 misericordiae
623 3225 747 3319 accipit.
795 3230 840 3298 Et
862 3252 975 3298 rursus
1014 3229 1118 3300 noties
1132 3256 1205 3307 nos,

88 3255 130 3381 de
144 3311 210 3408 lide
227 3309 405 3405 loquimur,
427 3311 563 3408 intelligi
579 3309 731 3400 volumus
750 3311 931 3402 objectum,
954 3251 1075 3384 scilicet
1091 3315 1194 3386 mise-

86 3395 267 3467 ricordiam
289 3397 495 3491 promissam.
540 3401 625 3466 Nam
645 3397 725 3466 fides
751 3422 819 3468 non
840 3397 914 3468 ideo
936 3400 1105 3484 ustificat,
1136 3417 1194 3472 aut

87 3480 203 3561 salvat,
221 3476 298 3574 quie
316 3484 387 3572 ipsa
402 3481 445 3550 sit
460 3507 542 3576 opos
557 3505 699 3576 persese
718 3481 865 3580 dignum,
880 3426 945 3568 sed
954 3499 1092 3570 tantum,
1114 3475 1194 3580 qnia

88 3564 482 3660 accipit'misericordiam
498 3565 705 3660 promissam.
963 3645 975 3656 ,

175 3655 219 3718 Et
241 3649 440 3732 hiccultns,
470 3647 726 3743 tneo-tarpeia,
748 3649 784 3722 in
806 3651 979 3748 Prophetis
998 3670 1031 3725 et
1051 3653 1194 3726 Psalmis

88 3733 212 3830 passim
226 3735 395 3838 praecipue
409 3735 577 3819 laudatur,
606 3753 802 3824 cumtamon
824 3740 874 3808 lex
896 3764 964 3810 non
984 3741 1099 3812 doceat
1115 3767 1193 3831 gra*

90 3819 208 3916 tultam
228 3819 452 3892 remissmncm
471 3839 687 3914 peccatorum.
749 3825 815 3895 Sed
835 3829 949 3896 Patres
971 3843 1093 3897 norant
1112 3848 1193 3920 pre·x

72 3933 73 3938 ¹
90 3925 281 4000 missionem
305 3903 344 3976 de
362 3906 515 4005 Christo,
545 3905 634 4000 quod
648 3912 740 3979 Deus
762 3926 898 4010 propter
913 3909 1195 4066 Christumvplet

90 4001 410 4084 remitterepeccata.
454 3997 559 4084 Igitur
581 4017 656 4062 cum
670 3991 907 4084 intelligerent,
937 3995 1105 4067 Christum
1137 4021 1193 4065 ore

60 4133 72 4144 .
90 4085 233 4169 pretrum
244 4097 306 4170 prp
323 4077 444 4160 nostris
459 4074 624 4230 peccatis,
640 4075 789 4158 sciebant
802 4103 900 4174 opera
916 4098 1027 4150 nostra
1042 4107 1108 4152 non
1125 4105 1200 4150 csse·

87 4171 236 4250 pronum
252 4182 299 4226 rer
314 4174 433 4230 tantae.
479 4162 538 4232 deo
555 4161 734 4252 gratuitam
749 4161 1059 4246 miscricordiamet
1074 4164 1193 4247 remis-

90 4240 219 4314 sionem
233 4261 439 4337 peecatorum
456 4245 517 4318 fite
533 4243 753 4342 accipiebant,
775 4248 860 4324 sicut
875 4250 976 4326 saneti
990 4249 1026 4340 in
1044 4270 1130 4324 novo
1144 4266 1193 4326 te-
