2610 4892
17 1337 22 1350 ,
135 1275 137 1279 ’
196 1282 334 1430 prorsus
354 1267 471 1350 modo,
494 1266 578 1365 simu

198 321 275 426 464
534 289 708 428 hermulo
728 319 968 431 Concordiae.

199 487 345 598 eorporis
369 485 400 572 et
420 500 587 590 sanguinis
604 493 728 573 Christi
749 499 913 599 particeps
935 501 1135 597 fiat,·quam
1150 527 1222 574 rere
1236 528 1284 574 nos

110 613 113 622 ’
199 588 234 658 in
246 611 338 658 sacra
358 587 470 656 Coena
484 609 603 680 panem
621 587 874 668 manducamus,
897 603 929 656 et
943 587 1057 658 vinum
1073 587 1224 658 bibimus.

283 677 340 742 IX.
382 671 499 740 Fidem
521 686 666 742 nostram
688 672 728 740 de
747 669 852 740 ¹salute
875 687 997 742 certam
1018 672 1113 742 reddi
1129 689 1161 742 et
1180 675 1284 742 contir-

198 755 467 840 mari'inssoena
486 755 625 826 Domini
649 779 717 826 non
737 756 801 824 nisi
821 755 925 846 signis
947 753 1014 824 illis
1037 757 1192 840 externis,
1215 784 1285 851 pane

199 859 233 932 et
256 843 355 926 vino,
378 865 418 910 ne
445 862 595 940 unquam,
612 848 720 910 autem
737 865 811 910 vere
831 841 1056 934 praesentibus
1070 867 1149 913 vero
1165 868 1285 936 corpore

199 943 232 1000 et
246 927 404 1018 sanguine
422 865 560 995 dhrrstt.
584 933 620 944 ''
687 929 705 957 ¹·
778 933 783 944 '
982 934 985 942 ’

283 1018 325 1082 X.
369 1017 407 1094 ln
420 1035 512 1080 saera
528 1011 640 1080 Coena
654 1009 812 1082 duntaxat
832 1012 1002 1091 virtutem,
1026 1013 1249 1107 operationem
1263 1031 1285 1084 et

197 1096 353 1172 meritum
368 1095 508 1194 absentis
522 1091 668 1187 corporis
686 1113 718 1166 et
731 1095 900 1181 sauguinis
920 1096 1045 1175 Christi
1060 1098 1249 1194 dispensari.

281 1189 336 1254 Xl.
381 1181 505 1251 Chrrsti
530 1204 586 1250 cor
611 1181 719 1250 us'ita
733 1183 822 1251 coelo
844 1181 1006 1252 inclusum
1023 1189 1117 1266 Iesse,
1150 1200 1188 1254 ut
1209 1183 1284 1254 nullo

583 1204 613 1346 l),
633 1267 746 1336 eodem
765 1282 928 1362 tempore,
950 1266 1098 1362 pluribus
1115 1285 1172 1336 aut
1189 1271 1283 1338 omni-

220 1379 258 1438 ns
279 1351 357 1424 locis
372 1350 407 1420 in
430 1369 524 1422 terres
542 1373 696 1445 praesens
720 1375 788 1421 esse
808 1356 930 1448 possit,
961 1350 1020 1444 ubl
1043 1377 1144 1423 coena
1163 1353 1283 1424 Domini

198 1439 388 1512 celebratur.
527 1513 532 1533 Ι
701 1457 704 1464 ’
796 1455 798 1462 ⁴
981 1470 997 1506 a
1077 1473 1080 1478 ·

214 1589 220 1600 ,
281 1527 354 1596 XII.
399 1521 585 1604 Christum,
622 1521 870 1594 substantialem
900 1519 1048 1620 corporis
1072 1537 1105 1592 et
1126 1524 1283 1615 sanguinis

193 1609 248 1696 'sui
261 1609 477 1706 praesentiam
499 1632 604 1700 neque
625 1609 818 1702 promittere
838 1613 948 1703 neq'ue
965 1608 1118 1684 exhibere
1142 1612 1284 1704 potuisse,

94 1718 98 1726 ’
197 1695 463 1794 quandoquidem
489 1690 524 1760 id
547 1691 732 1786 proprietas
754 1691 917 1764 humanae
944 1693 1049 1789 ipsius
1079 1710 1217 1765 naturae
1243 1720 1285 1764 as-

100 1832 104 1839 ·
197 1799 322 1854 sumtae
340 1783 548 1872 nequaquam
560 1777 645 1845 ferre
662 1793 718 1848 aut
732 1780 901 1858 admittere
919 1783 1032 1875 possit·

231 1941 234 1948 ,
282 1870 371 1941 ΧῙΠ.
415 1869 523 1932 Deum
552 1888 593 1933 ne
647 1862 759 1932 uidem
787 1869 939 1934 universa
969 1889 1028 1934 sua
1059 1864 1286 1958 omnipotentia

138 1981 144 1992 ·
197 1949 420 2041 (horrendum
435 1947 521 2016 dictu
537 1963 569 2015 et
584 1887 721 2031 additu)
738 1948 862 2018 efficere
878 1976 991 2041 posse,
1014 1963 1051 2018 ut
1064 1976 1183 2042 eorpus
1198 1951 1285 2020 Chri-

197 2037 259 2120 sti,
283 2060 351 2104 uno
370 2033 482 2103 eodem
509 2059 548 2102 ue
567 2047 710 2126 ternpore
729 2032 763 2101 iu
779 2033 946 2128 plurihds,
969 2059 1068 2128 quam
1090 2061 1157 2104 nno
1174 2051 1287 2106 tantun

194 2121 287 2208 loco,
301 2057 563 2190 'substantialiter
576 2116 727 2216 praesens
743 2116 808 2188 εἰι.Ι
1118 2111 1121 2131 ”

280 2209 369 2275 XIV.
412 2209 489 2272 Non
505 2199 814 2298 omnipotensillud
829 2203 962 2280 verbum
971 2201 1178 2274 Testamenti
1197 2205 1286 2274 Chri-

184 2291 261 2378 sti,
291 2291 349 2363 sed
370 2289 466 2366 lidem
487 2287 686 2384 praesentiae
709 2291 856 2384 eorporis
877 2306 909 2361 et
932 2289 1102 2382 sanguinis
1122 2289 1287 2360 Christiin

60 2359 62 2368 Ι
84 2439 89 2450 t
196 2401 287 2451 saera
304 2378 416 2446 Coena
431 2399 560 2444 eausam
574 2397 655 2443 esse.

213 2460 216 2470 ’
255 2467 355 2532 -XV.
396 2459 527 2529 Fideles
544 2465 661 2561 corpus
676 2472 707 2528 et
725 2457 918 2552 sanguinem
935 2457 1061 2530 Christi
1075 2459 1197 2528 nonin
1218 2485 1287 2554 pane

195 2564 229 2626 'et
245 2546 322 2618 vino
344 2545 674 2643 coenaepDomimcae
696 2568 869 2646 quaerere,
898 2545 954 2614 sed
977 2544 1092 2616 oculos
1112 2544 1148 2612 in
1170 2545 1304 2614 coelunt

195 2631 367 2718 attollere,
388 2646 420 2700 et
436 2627 482 2706 ihr
498 2655 615 2724 corpus
631 2629 758 2697 Christi
777 2652 931 2722 quaerere
949 2628 1074 2699 dehere.
1124 2645 1144 2708 ’,

213 2781 218 2793 ,
279 2721 373 2786 XVI,
414 2713 560 2783 Inhdeles
581 2731 613 2782 et
634 2715 881 2810 impoenitentes
907 2715 1114 2784 Christianos
1135 2713 1172 2782 in
1200 2740 1288 2784 coena

106 2880 109 2888 f
195 2799 334 2872 Domini
354 2823 421 2868 non
439 2799 563 2868 reruni
585 2801 705 2896 cbrpus
726 2809 758 2868 et
779 2797 971 2890 sanguinem
989 2799 1131 2884 Christi,
1159 2801 1222 2870 sed
1240 2825 1288 2896 pa-

194 2913 270 2972 nem
287 2899 416 2955 tantum
427 2899 461 2954 et
476 2888 590 2954 vinum
606 2910 744 2956 sumere.
854 2899 857 2912 “
1132 2954 1138 2968 ,
1186 2895 1189 2902 ’

277 2974 384 3042 XVII.
420 2969 626 3062 ‘Dignitatem
656 2968 863 3040 convivarum
887 2967 922 3050 in
942 2967 1004 3040 bac
1019 2969 1287 3042 'coelesti'Coena

194 3062 262 3131 n'on
279 3081 318 3126 ex
329 3053 400 3127 sola
412 3079 488 3124 vera
510 3055 544 3124 in
559 3053 730 3124 Christum
746 3053 828 3144 fide,
851 3055 918 3125 sed
936 3053 1034 3124 etiam
1060 3083 1099 3126 ex
1117 3057 1286 3150 praepara-

194 3140 283 3214 tione
301 3136 471 3211 hominum
487 3155 619 3237 externa
631 3141 784 3236 pendere.

82 3301 85 3311 ,
130 3241 158 3309 f
216 3291 234 3310 ,.
278 3231 400 3302 XVIII.
441 3227 652 3308 Eosetram,
685 3225 743 3320 qui
765 3247 875 3294 veram
891 3237 924 3292 et
938 3221 1046 3304 vivam
1068 3223 1105 3294 in
1126 3223 1286 3295 Christum

194 3309 293 3382 fidem
305 3309 440 3391 hahent,
463 3321 598 3404 eamque
611 3311 769 3394 retinent,
792 3306 1007 3389 nihilominus
1022 3305 1085 3380 hoc
1099 3315 1286 3380 Sacramen-

177 3412 264 3488 tum
279 3395 321 3469 ad
334 3395 494 3488 judicium
515 3413 643 3468 sumere
660 3419 775 3500 posse,
801 3405 975 3496 propterea
996 3395 1088 3488 quod
1106 3395 1144 3466 in
1165 3408 1286 3466 externa

193 3501 254 3559 sua
265 3479 508 3556 conversatione
524 3477 630 3552 adhuc
645 3477 828 3583 imperfecti
840 3495 915 3550 smt.
970 3561 973 3571 Ι

171 3649 177 3663 μ
272 3569 364 3634 xlx.
404 3569 550 3645 Enterna
576 3562 903 3656 visibilraeleniepta
923 3561 1019 3660 pani‘s‘
1043 3563 1164 3636 etvini
1180 3563 1285 3632 inSa·

194 3665 360 3722 eramento
377 3615 546 3719 ddoranda
561 3673 640 3718 esse.
747 3683 751 3690 ·
807 3667 810 3678 ·

237 3799 242 3820 ,
280 3739 353 3805 XX.
395 3737 530 3807 Praeter
544 3731 623 3804 haee
634 3736 722 3825 justo
731 3736 796 3804 Dei
806 3733 934 3826 ‚judicio
945 3731 1164 3833 relinquimus
1182 3751 1283 3802 omnes
1302 3741 1303 3822 t

193 3823 356 3903 curiosas,
387 3817 495 3888 sannis
512 3816 679 3888 virulentis
693 3819 821 3890 'tinetas
834 3835 878 3890 et
898 3815 1108 3911 blasphemas
1126 3817 1283 3919 quaestio
1302 3825 1303 3890 t

192 3931 269 3987 nes,
293 3929 376 4000 quae
389 3902 544 3986 honeste,
566 3902 618 3998 pie
635 3919 668 3971 et
689 3903 758 3975 sine
775 3903 866 3997 gravi
882 3903 1065 3974 offensione
1088 3901 1217 3971 recitari
1231 3923 1283 3964 ne-

193 3993 337 4094 queunt,
376 3987 735 4081 aliosque'sermones:
770 3988 901 4081 quando
933 3989 972 4056 de
990 3981 1238 4082 ,supernaturali
1257 3994 1282 4046 tl

168 4079 174 4102 ¹
193 4073 324 4146 coelesti
339 4073 493 4165 mysterio
510 4069 607 4164 hujus
626 4073 828 4145 Sacrameuti
849 4097 972 4156 crasse,
996 4071 1191 4150 'carnaliter,
1219 4066 1281 4132 ca-

191 4159 368 4255 pernaitice
396 4173 427 4227 et
462 4157 549 4244 ,lane
585 4157 814 4229 ahoininandis
848 4157 973 4241 modis,
1007 4155 1218 4252 blaspheme,
1253 4159 1280 4212 et

191 4246 337 4352 marimo
351 4263 427 4348 eum
440 4184 607 4344 llcelesiae
623 4241 1090 4348 ollandieulofssacramentarii
1103 4243 1278 4360 qussuqlus·

1012 4379 1015 4384 ·
1301 4379 1302 4422 t
