2610 4892
336 239 345 258 t
455 243 456 246 γ
584 181 649 246 t‘
862 245 863 252 a
970 249 974 274 ,

257 275 273 308 ²
343 259 596 402 catechismus
615 296 780 402 major„
1025 295 1103 400 413

18 493 169 637 peraptum,
199 490 231 550 et
255 476 293 548 lit
309 453 580 569 Sacramentum,
612 479 677 586 hue
697 494 765 564 est,
794 499 846 550 res
871 460 1109 574 renouatque
1134 463 1137 481 ¹

40 588 126 634 urna.

32 701 51 717 ..
95 645 254 735 Quocirca
269 675 439 744 numquam
461 649 714 748 nondocemup,
745 649 954 720 Sacramenta
975 661 1006 717 et
1028 672 1102 716 om·
1187 649 1189 654 '
1226 705 1228 714 .

21 757 70 801 nes
83 757 132 801 res
145 749 306 818 externas,
328 741 435 814 abeo
451 733 618 804 ordinatas
635 751 666 804 et
682 734 865 817 institutas,
886 755 952 808 nou
968 731 1102 802 intuen-

22 818 70 888 das
92 841 158 886 esse
180 819 269 910 juxta
292 843 434 890 crassam
456 815 549 890 illam
572 836 604 889 et
621 834 793 902 ,externam
826 816 967 902 larvam,
997 817 1102 888 veluti

20 900 99 1000 nucis
112 907 280 993 putainiua
297 903 472 987 intuemur,
495 904 551 972 sed
569 903 848 1000 quemadmodum
866 897 952 972 hisce
967 902 1101 974 verbum
1165 899 1169 928 ¹

19 985 71 1057 Ilei
88 985 247 1058 inclusum
263 988 316 1061 sit.
358 997 474 1084 Neque
489 1010 581 1087 secus
595 987 634 1058 de
647 981 819 1088 papentum
833 1004 920 1068 statu
936 1003 970 1058 et
987 986 1115 1080 ‚magis¹
1182 1059 1184 1062 ,
1274 1053 1278 1081 ,

20 1071 162 1140 stratibus
178 1073 361 1170 loquimur,
384 1099 468 1172 qups
483 1090 664 1144 sueatmus
683 1074 803 1142 mtueri
820 1073 991 1155 volumus,
1016 1099 1101 1168 qua-

20 1173 99 1224 tenus
117 1165 233 1241 nares,
255 1161 522 1242 oculos„aur‘es‚
543 1175 670 1242 cutem,
698 1157 805 1250 pilos,
834 1181 963 1228 carnem
979 1173 1011 1226 ct
1027 1183 1102 1230 ossa
1144 1221 1147 1229 .

20 1239 156 1326 habeant,
179 1259 251 1312 turn
267 1245 386 1315 'l'urcis
402 1262 435 1316 et
448 1237 637 1314 Gentilibus
653 1259 730 1313 sunt
741 1239 880 1312 similes
917 1249 964 1312 Ac
979 1241 1109 1338 aliquis

19 1325 110 1396 dicere
125 1345 251 1419 posset:
276 1331 346 1400 Cur
366 1329 575 1402 hosma'oris
591 1328 751 1410 facerem,
772 1351 872 1421 quam
889 1325 1100 1406 aliosidt-

19 1409 68 1504 qui
84 1413 249 1483 accedente
266 1431 459 1510 praecepto:
493 1355 625 1484 honora
645 1429 773 1508 patrem
794 1428 887 1484 tuum
910 1427 942 1482 ct
963 1429 1102 1482 matrem

19 1509 113 1579 tuam,
136 1497 239 1571 alium
257 1499 363 1574 virum
377 1499 489 1584 rideo,
510 1491 623 1570 divina
634 1500 816 1590 „majestate
833 1513 864 1566 et
878 1496 984 1588 glorio
1000 1495 1101 1566 indu·

19 1595 76 1649 tum
91 1598 121 1650 et
141 1593 346 1654 exornatum.
388 1589 620 1678 Praeceptum,
641 1583 796 1677 inquam,
815 1603 932 1668 aureus
952 1580 1012 1652 ille
1027 1599 1100 1653 tor-

19 1687 88 1762 qpes
102 1683 166 1746 est,
187 1667 380 1764 quemcollo
396 1669 598 1751 circumfert,
624 1668 694 1736 imo
711 1665 960 1762 potiuscorona
982 1667 1017 1735 in
1042 1689 1118 1738 ca-.

17 1765 92 1840 prte,
112 1750 269 1833 indicans,
292 1755 460 1848 quomodo
472 1771 509 1824 et
525 1778 625 1848 quam
643 1754 685 1830 ob
702 1779 772 1822 rem
787 1751 866 1822 haec
884 1777 958 1820 caro
974 1769 1006 1820 et
1021 1777 1100 1824 san-
1122 1811 1125 1818 .

18 1834 79 1931 quis
93 1833 274 1908 honorandi
292 1840 365 1908 sint.
392 1845 441 1908 Ita
456 1863 586 1934 quoque
600 1861 637 1908 ac
651 1837 758 1908 multo
775 1837 908 1932 quidem
922 1835 1098 1907 schemen·
1138 1867 1144 1874 ·
1188 1891 1194 1899 .

17 1933 71 2003 tius
86 1921 256 2011 Baptismo
271 1923 377 1994 honor
389 1921 623 1996 habenduscst
638 1939 777 2018 propter
790 1923 943 2005 verbum,
976 1921 1100 2024 quippe
1112 1979 1117 1996 „

18 2025 103 2104 quem
112 2005 182 2110 ipse
196 2012 289 2078 Deus
297 2025 330 2078 et
339 2009 439 2078 verbo
455 2026 488 2079 et
500 2009 585 2080 facte
601 2006 783 2098 honoravit,
801 2007 848 2095 lad
860 2010 1101 2081 hacomrracu-
1170 2041 1175 2057 s

17 2085 49 2186 hs
63 2089 190 2160 coelitus
207 2093 344 2164 ostensis
361 2094 577 2174 confirmavit.
619 2097 708 2162 Num
732 2091 820 2160 enim
843 2109 938 2186 putas
957 2091 1100 2178 romprsu-

18 2197 70 2242 rssc
90 2175 293 2264 jocularem,
319 2202 392 2248 oum
415 2179 567 2252 Christus
590 2179 801 2270 semetipsum
821 2175 966 2246 Johanni
990 2177 1099 2268 bapti-

18 2260 142 2330 sandum
158 2261 305 2346 offerret,
326 2261 453 2340 eoelum
471 2261 570 2332 simul
587 2261 783 2358 aperiretur,
802 2277 834 2331 et
853 2259 998 2354 Spiritus
1020 2285 1100 2330 san-

17 2358 74 2412 ctus
94 2345 267 2442 propalam
294 2345 424 2421 e'ooelo
448 2347 767 2442 columbinaspecic
790 2347 1013 2430 dc-sccnderet,‘
1040 2372 1101 2416 nec
1145 2351 1151 2362 '

37 2427 183 2523 uidquam
204 2431 299 2502 aliud
318 2433 462 2514 adesset,
486 2433 574 2526 quod
595 2458 663 2504 non
687 2430 879 2506 certissimis
896 2431 1101 2502 documentis

17 2451 147 2586 divinam
166 2519 372 2620 mpjcstatam
387 2535 419 2588 et
436 2517 573 2610 gloriam
587 2523 866 2614 repraesentaret?
887 2569 891 2572 -
910 2516 1101 2604 Quaerite-

17 2617 187 2693 sumatque
201 2621 366 2675 1terumre
391 2619 480 2672 etens
495 2629 633 2685 moneo,
656 2627 697 2672 nc
711 2597 790 2673 hacc
807 2601 893 2686 duo,
915 2601 1053 2672 verbum
1069 2618 1100 2674 ct
1158 2663 1161 2670 .
1187 2613 1190 2626 ’
1260 2601 1261 2608 '

18 2707 141 2776 aquam,
163 2685 238 2758 ullo
253 2690 353 2758 modo
392 2687 625 2783 'sjungiatque
643 2685 754 2758 divelli
776 2687 948 2780 patiamur.
993 2691 1100 2782 Sepa-
1142 2719 1148 2730 ·

18 2785 78 2864 pato
92 2771 177 2842 enim
193 2772 270 2842 inde
291 2773 409 2851 verbo,
437 2797 503 2840 non
524 2771 590 2856 alia
614 2789 663 2842 est
684 2790 768 2864 equa
779 2823 791 2846 ,1
811 2789 907 2864 atque
930 2769 1007 2855 illa,
1034 2795 1101 2867 qua
1141 2828 1142 2836 ,

18 2876 47 2922 ru
60 2856 163 2926 culina
177 2859 219 2926 ad
229 2855 400 2934 ,eliciendas
415 2882 527 2926 carnes
547 2856 675 2930 culinae
696 2856 857 2950 praefecta
875 2855 996 2939 utitur,
1016 2872 1100 2951 pot·-
1182 2886 1185 2892 ·

19 2955 115 3041 estque
135 2967 203 3012 non
228 2941 316 3012 male
337 2941 560 3014 balneatorem
578 2941 648 3024 dici
668 2947 872 3040 Baptismus
925 2942 1100 3012 Caeterum

19 3042 185 3116 conpuncto
199 3027 320 3112 uerbo,
343 3025 427 3098 sicut
447 3023 597 3096 Christus
622 3025 785 3096 ordinavit
799 3042 831 3096 et
849 3024 1008 3111 instituit,
1028 3042 1100 3098 tum
1198 3097 1201 3110 ,

20 3109 251 3182 Sacramentum
271 3127 352 3195 est,
372 3135 410 3184 ao
426 3109 550 3182 Christi
568 3117 618 3180 Ba
644 3111 762 3180 tismus
777 3111 903 3181 dicitur.
952 3115 997 3181 Et
1019 3109 1100 3180 haec

20 3193 112 3292 prima
125 3195 224 3286 hujus
236 3195 450 3296 ipstitutionis
459 3219 536 3292 pars
549 3195 592 3276 sit
608 3137 647 3280 cli
661 3195 801 3267 essentia
815 3213 847 3266 ct
860 3195 1016 3290 dignitate
1034 3194 1100 3264 hu-'
1151 3253 1153 3262 ,
1172 3241 1180 3293 2

20 3284 278 3368 pusSacramentr.
467 3329 481 3358 ι,
532 3363 534 3369 Ι
718 3333 721 3351 .

88 3364 232 3449 Deinde,
250 3382 466 3462 posteaquam
482 3365 560 3438 certi
578 3385 710 3450 sumus,
733 3367 813 3460 quid
835 3365 877 3436 sit
897 3369 946 3438 Ba
973 3364 1114 3454 sisoius,

21 3451 130 3546 etquid
143 3451 182 3529 de
201 3477 240 3522 co
256 3451 480 3536 sentiendum,
508 3451 606 3522 etiam
621 3451 706 3544 illud
719 3449 814 3522 nohis
829 3391 1019 3523 discendum
1040 3477 1100 3538 re-

22 3550 72 3614 ert,
91 3560 188 3628 quam
200 3537 243 3606 ob
260 3563 349 3619 rem,
372 3553 404 3606 ct
416 3535 450 3606 in
464 3559 563 3630 quem
578 3562 675 3605 usum
687 3535 850 3630 Baptismi
864 3537 947 3614 ratio
964 3536 1116 3626 iustituffi

22 3619 115 3704 tasit,
135 3617 200 3694 huo
211 3621 381 3717 enquid
393 3618 726 3715 utilitatisbaptiuatis
743 3622 881 3706 alferat,
905 3621 1050 3742 conspirat
1067 3636 1100 3692 et
1183 3679 1185 3684 ,

22 3706 147 3802 parieti·
174 3709 302 3775 Verum
316 3705 497 3802 usquehuc
512 3705 630 3800 melius
643 3722 742 3801 atque
758 3705 975 3800 compertius,
997 3730 1099 3800 quam

23 3809 49 3854 ex
64 3789 166 3864 verbis
182 3789 308 3862 Christi
327 3813 429 3887 supra
443 3789 548 3871 citatis
567 3790 644 3860 sciri
684 3807 821 3882 otest-ac
832 3789 1099 3884 percipi,-nimi-

23 3895 98 3942 tum:
120 3875 178 3967 qni'
191 3875 381 3964 crediderit,
403 3891 436 3944 et
449 3874 633 3970 baptizatus
652 3818 763 3959 licerit,
781 3873 1099 3974 salruserit.1Qua-'·

24 3979 48 4052 [t
62 3957 106 4030 rei
119 3982 291 4032 summam
314 3959 360 4032 ita
380 3958 621 4055 simplicissime
647 3960 878 4055 complectere,
905 3957 989 4030 hanc
1004 3961 1102 4030 vste:
1169 3974 1173 3982 '

24 4037 83 4111 luet
104 4044 265 4138 Baptismi
281 4049 460 4130 virtutem,
474 4121 476 4126 ,
491 4069 595 4140 opus,
618 4046 761 4116 fructum
783 4061 815 4116 et
835 4047 932 4136 finem
956 4070 1041 4130 csse,
1061 4059 1104 4134 nt¹
1146 4064 1149 4068 ·

24 4119 158 4223 homiues
171 4131 291 4220 ,salros
312 4131 419 4218 fatiat.
466 4133 681 4202 Nemoenim
703 4127 738 4198 in
753 4128 816 4204 hoc
839 4127 1040 4225 baptizatur,
1061 4146 1114 4200 ut

25 4231 160 4311 pnuceps
173 4219 307 4305 eremo,
334 4240 448 4292 rerum
469 4213 554 4292 sicut
574 4215 674 4304 rerba
693 4231 825 4308 sonant,
854 4233 893 4288 ut
907 4213 1022 4326 salvus,
1030 4213 1102 4332 5th
