2618 4902
119 466 123 477 1
196 385 244 462 7⁰
345 379 348 389 ·
652 363 834 467 Apologia

284 549 484 642 Quanquam
497 546 600 636 igitur
614 545 719 614 civilia
738 563 855 640 opera,
879 547 941 616 hoc
955 562 1021 630 est,
1051 561 1184 632 externa
1200 567 1300 638 opert

196 627 298 724 logis„
327 629 397 700 sine
416 632 569 714 Christo,
600 647 631 699 ct
653 630 766 709 sineS,
791 631 868 700 iritu
884 648 994 701 sancto
1009 629 1121 724 aliqua
1138 657 1180 698 ex
1207 647 1300 724 parte

195 715 268 785 fieri
286 716 422 810 possint,
436 734 542 786 tamen
559 721 748 820 apparet'ex
764 655 828 798 iis,
848 739 933 812 quae
951 714 1200 804 diximus,illa
1218 740 1299 806 quae

117 825 119 838 ’
196 815 275 870 sunt
297 801 430 896 proprie
453 801 534 889 legis
555 801 708 898 elisrrnae,
736 803 798 870 hoc
822 818 901 884 est,
931 801 1066 869 allectus
1088 798 1199 867 cordis
1225 825 1299 882 erga

161 894 170 916 ¹
195 889 326 967 Deum,
352 885 410 992 qui
428 887 671 980 praecipiuntur
690 911 725 953 m
739 886 846 980 prima
870 883 997 968 tabula,
1026 909 1209 976 nonposso
1234 885 1298 950 fieri

197 969 268 1040 sine
286 970 415 1062 Spiritu'
430 989 549 1040 sancto.
574 972 638 1042 Sed
649 969 831 1042 ‘adversarii
848 970 952 1039 nostri
968 987 1042 1037 sunt
1059 993 1177 1036 suares
1188 967 1298 1036 Theo

197 1051 286 1146 logi:
322 1057 488 1140 intuentur
510 1057 681 1134 secuudum
704 1049 848 1123 tabulam
880 1071 911 1124 et
931 1053 1064 1146 politica
1081 1077 1204 1148 opera,
1230 1053 1299 1145 pri·

197 1165 287 1210 mam
303 1139 389 1207 nihil
407 1150 540 1222 cdrout,
569 1138 663 1232 quasi
679 1140 763 1208 nihil
782 1140 943 1234 pertineat
964 1140 1107 1220 adrem,
1136 1154 1199 1206 aut
1216 1155 1298 1206 certe

197 1239 329 1294 tantum
350 1235 496 1294 externos
518 1214 627 1294 cultus
650 1225 832 1320 requirunt.
876 1223 970 1293 lllam
990 1241 1155 1307 aeternam¹
1180 1221 1298 1311 legem,

147 1323 150 1330 '
197 1323 230 1377 ct
244 1307 340 1398 longe
356 1309 494 1403 positam
518 1335 617 1403 supra
636 1309 784 1376 omnium
800 1325 1019 1380 ereaturarum
1043 1332 1175 1396 sensum
1200 1325 1299 1462 atcpue

105 1429 108 1436 ,
196 1391 415 1485 intellectumu
443 1393 570 1482 Diliges
584 1394 764 1466 Dominum
781 1399 890 1468 Deum
916 1411 1009 1470 tuom
1030 1419 1069 1464 er
1091 1406 1163 1463 toto
1185 1418 1249 1462 cor
1274 1419 1298 1469 e;

196 1503 332 1575 prorsus
350 1503 417 1548 non
434 1479 648 1550 considerant.
666 1541 669 1548 .

281 1599 326 1688 At
341 1595 491 1690 Christus
508 1601 550 1666 ad
565 1599 627 1667 hoc
640 1598 734 1668 datus
749 1611 813 1683 est,
836 1615 873 1670 ut
887 1614 1022 1694 propter
1041 1609 1115 1668 eum
1126 1595 1298 1682 donentur

196 1681 293 1774 nohis
309 1681 461 1752 remissio
476 1699 699 1775 peccatorum,
721 1701 753 1754 et
769 1685 914 1780 Spiritus
932 1699 1082 1765 sanctus,
1105 1681 1297 1779 quinorum

197 1783 230 1834 et
253 1783 419 1836 aeternam
438 1767 540 1835 vitam
562 1791 600 1836 ac
623 1785 786 1840 aetornum
805 1769 977 1844 Justitium
1007 1768 1042 1835 in
1062 1769 1159 1838 nobis
1181 1767 1297 1860 pariat.

198 1855 313 1940 Quare
332 1875 399 1919 non
441 1867 524 1920 otest
539 1851 588 1922 lex
602 1853 781 1944 ¹rere‘lieri,
810 1854 876 1924 nisi
892 1869 1019 1953 accepto
1036 1851 1167 1946 Spiritu
1191 1870 1297 1922 sancto

196 1937 388 2036 perfidcmr
413 1877 621 2005 ideoPaulus
640 1937 730 2022 dicit,
753 1937 858 2030 legem
871 1938 1011 2008 stabiliri
1025 1962 1084 2032 per
1098 1937 1214 2017 fidem,
1242 1963 1298 2006 nou

110 2087 113 2094 ,
196 2019 342 2101 aboleri,
367 2020 445 2112 quia
459 2021 511 2106 lex
530 2020 577 2089 ita
594 2022 724 2091 demum
739 2024 812 2100 fieri
827 2040 951 2118 potest,
974 2047 1048 2094 cum
1066 2019 1214 2110 contigit
1227 2021 1297 2116 Spi-

105 2162 107 2172 .
192 2103 280 2175 ritus
297 2119 436 2176 sanctus.
463 2109 532 2186 ,Et
552 2105 675 2176 Paulus
694 2107 786 2178 docet
812 2113 922 2180 uCor.
939 2114 996 2176 1110
1033 2105 1208 2188 velamen,
1245 2133 1298 2200 quo

195 2187 297 2260 facies
316 2187 416 2260 Moisi
441 2205 609 2272 tectacst,
638 2217 703 2260 non
726 2219 821 2286 posse
847 2191 936 2276 tolli,
967 2190 1034 2260 nisi
1054 2192 1118 2258 ilde
1140 2189 1181 2258 in
1203 2190 1298 2259 Clrri-

127 2309 128 2318 ¹
197 2285 301 2356 stum,
332 2277 397 2368 q'ua
420 2275 579 2370 accipitur
599 2277 742 2370 Spiritus
764 2296 902 2349 sanctus.
952 2275 1010 2346 Sic
1029 2275 1117 2344 enim
1138 2274 1211 2345 ait:
1248 2277 1299 2344 Sed

92 2389 94 2400 ⁴
124 2417 126 2424 Α
194 2382 301 2454 usque
316 2360 556 2432 inhodiernum
575 2362 673 2445 diem,
695 2389 769 2432 cum
787 2361 1048 2454 legiturMoiscs,
1065 2358 1227 2458 velamen
1247 2387 1298 2455 po-

196 2444 295 2514 situm
311 2461 358 2514 est
371 2467 408 2514 su
434 2472 470 2513 er
494 2471 550 2516 cor
564 2473 694 2515 eorum:
728 2450 814 2516 Cum
834 2466 942 2535 aritem
957 2451 1102 2516 conuersi
1119 2443 1255 2514 luerint
1269 2445 1297 2512 ad

153 2613 156 2618 Ι
195 2532 326 2611 Deum,
371 2469 538 2598 atriorum
557 2531 722 2614 velamen,
758 2535 923 2602 Dominus
945 2548 1052 2599 autem
1078 2527 1233 2622 spiritus
1256 2549 1299 2608 est,

194 2613 256 2684 vbi
278 2613 384 2692 autem
407 2614 540 2708 spiritus
554 2614 710 2696 Domini,
742 2615 789 2686 ibi
805 2617 945 2686 libertas.
988 2615 1150 2682 Velamen
1173 2614 1299 2684 intelli

197 2697 382 2787 gitPaulus
412 2705 588 2771 humanam
614 2701 803 2796 opinionem
829 2701 869 2770 de
886 2719 953 2771 toto
976 2700 1066 2789 lege,
1091 2699 1265 2790 decalogo
1280 2715 1299 2765 et

170 2789 172 2797 '
196 2781 409 2876 ceremoniis,
439 2783 590 2854 videlicet
607 2786 697 2878 quod
714 2787 899 2879 hypocritae
939 2801 1032 2854 utum
1056 2799 1195 2860 externa
1213 2803 1250 2854 ‚et
1266 2785 1298 2852 ci

105 2895 107 2902 ·
193 2866 273 2938 vilio
292 2893 388 2962 opera
404 2868 590 2936 satisfacere
605 2869 759 2958 legiDei,
773 2887 804 2939 et
819 2871 900 2942 sacri
914 2874 974 2940 reia
992 2886 1023 2938 et
1040 2867 1146 2960 cultus
1167 2897 1213 2937 ex
1233 2896 1298 2962 ope-

134 3019 137 3024 r
194 2975 233 3020 rc
259 2969 394 3046 operato
414 2952 591 3043 justificare
614 2979 725 3023 coram
745 2959 835 3024 Deo.¹
879 2962 1091 3024 'l'uncautem
1113 2954 1299 3038 detrahitur

1306 1301 1308 1342 l

138 3065 140 3070 ¹
193 3036 292 3108 nobis
313 3037 375 3108 hoc
396 3039 562 3118 uelamen,
595 3036 656 3108 hoe
680 3057 745 3120 est,
776 3039 928 3110 eximitur
952 3039 1003 3108 hic
1024 3043 1147 3118 error,‘
1170 3040 1298 3134 quande

194 3123 287 3190 Deus
311 3122 632 3193 ostendit'cordibu‘s
657 3123 777 3192 nostris
803 3125 1043 3194 immunditiem
1067 3130 1249 3206 nostram,
1281 3144 1299 3190 a

122 3207 125 3212 ’
193 3206 451 3295 magnitudinem
469 3208 601 3301 peccati.
626 3209 674 3276 lbi
692 3211 834 3296 primum
850 3213 999 3282 videmus
1014 3233 1073 3274 nos
1092 3206 1199 3294 louge
1217 3209 1300 3277 abes·

195 3315 230 3360 sc
245 3292 287 3360 ab
302 3291 494 3386 impletione
518 3292 611 3386 legis.
651 3294 701 3361 lbi
718 3295 942 3382 agnoscimus,
973 3290 1141 3406 quomodo
1156 3317 1248 3362 caro
1265 3321 1300 3386 se3

194 3399 273 3443 cura
286 3393 383 3470 atque
400 3380 505 3450 otiosa
524 3389 589 3446 n'on
606 3376 845 3461 tirneatllcum,
869 3407 926 3450 uec
940 3405 1015 3450 vcro
1034 3392 1156 3446 statuat
1175 3378 1305 3472 ‘respiat

193 3484 254 3529 nos
270 3485 287 3526 a
305 3465 395 3544 Deo,
427 3465 484 3534 sed
500 3487 575 3530 casu
593 3462 700 3545 nasci,
724 3479 754 3531 et
769 3465 913 3533 occidere
927 3463 1086 3536 homines.
1132 3461 1193 3530 lbi
1215 3467 1305 3556 cape·l

127 3559 131 3570 “
193 3543 301 3614 rimur
322 3571 382 3618 nos
404 3571 470 3614 non
487 3547 640 3628 credere,
669 3550 758 3642 quod
778 3553 867 3617 Deus
888 3548 1057 3638 ignoscat,¹
1080 3559 1111 3612 ct
1134 3551 1300 3617 exaudiat

195 3629 284 3698 Cum
301 3647 412 3700 autem
430 3631 542 3700 audito
560 3630 741 3720 Evangelio
758 3650 788 3702 et
804 3633 997 3704 remissione
1013 3645 1236 3724 peccatorum
1255 3632 1302 3702 lide

192 3711 375 3806 erigimur,
405 3714 606 3807 concipimus
624 3713 787 3808 Spiritum
813 3733 980 3800 sanctum,
1003 3731 1040 3784 ut
1059 3717 1128 3806 jam
1154 3717 1302 3787 reclude

191 3799 265 3877 Deo
289 3799 409 3868 sentire
429 3802 611 3894 possimus,
634 3817 666 3868 et
681 3800 795 3870 timere
811 3805 941 3883 Deum,
972 3815 1005 3872 ct
1022 3800 1154 3868 credere
1175 3802 1233 3888 ci,
1257 3819 1304 3869 etc

191 3885 243 3953 Ex
258 3884 310 3952 his
323 3901 461 4038 {pparet
474 3911 541 3956 non
556 3908 651 3982 posse
665 3883 772 3978 legem
788 3885 857 3962 sine
866 3885 1017 3970 Christo,
1042 3899 1074 3956 et
1088 3881 1162 3954 sine
1172 3887 1304 3983 Spiritu

193 3985 304 4040 sancto
348 3995 407 4039 ert.
937 3981 941 3990 '
981 3985 984 3990 '

173 4117 177 4126 '
277 4105 477 4180 Profitemur
492 4106 604 4198 igitur,
626 4107 717 4202 quod
732 4109 858 4178 neccsse
874 4108 918 4176 sit
933 4103 1079 4175 inchoari
1087 4101 1124 4172 in
1134 4106 1257 4202 ,pubis
1267 4119 1303 4189 ,et

91 4221 93 4228 ’
192 4186 330 4258 subinde
354 4192 461 4282 magis
482 4193 654 4280 magisnec
675 4192 746 4262 lieri
763 4193 881 4282 legem.
922 4175 970 4259 Ὲῑ
984 4188 1251 4282 complectimur
1269 4189 1303 4258 si·

191 4271 263 4346 mul
277 4290 472 4376 utrumque,
505 4267 656 4350 videlicet
670 4276 991 4376 spirituales-motus
1014 4291 1047 4346 et
1063 4289 1206 4346 externa
1226 4279 1303 4348 bour
