2610 4892
152 340 159 386 ‘·
204 349 309 440 (eda,
425 317 428 334 Ι
487 413 488 422 ,
536 295 800 444 &uettmne-
814 347 946 448 major.
1025 379 1029 390 ·

122 537 125 544 '
205 531 275 602 lam
291 526 440 623 gratiam.
453 543 510 601 aot
528 525 771 597 absolutionem*
782 503 997 611 desideraret,
1017 503 1129 624 neque*
1143 528 1274 621 cogitaret

205 641 350 712 unquam
366 614 433 684 vita
452 615 487 685 in
502 613 619 684 melius
634 615 758 686 mutata
771 613 983 707 resipisceres
1058 643 1059 650 ¹

291 784 355 854 Sed
374 783 461 854 enim
476 782 532 878 qui
550 788 690 872 gratiani
705 783 1013 856 ae‘eonsolationem
1031 782 1173 863 habendi
1185 799 1214 853 et
1227 783 1277 850 in-

204 870 355 970 petrandi
376 868 513 964 cupidus
531 885 598 951 est,
631 867 685 938 illo
707 885 808 940 semet
829 868 981 958 instiget,
1012 869 1173 964 uultuque
1199 870 1278 936 modo

203 953 378 1028 absterreri
393 977 427 1022 se
443 953 595 1047 patiatur,
613 951 733 1048 itaque
752 953 855 1023 ditat.-
873 953 1080 1024 i'eriibenter
1096 955 1222 1050 'quidem
1236 952 1280 1020 hat

124 1079 128 1090 ·
206 1063 307 1113 coena
331 1039 449 1128 diguus
467 1063 536 1108 esse
560 1038 692 1122 veiim‚.
740 1036 810 1108 ulla
832 1038 988 1108 adductus
1011 1039 1171 1130 dignitate
1194 1037 1279 1114 renio,

191 1153 318 1195 ¹rerum
346 1141 404 1192 tuo
431 1124 529 1193 verbo
553 1123 655 1192 fretos
681 1148 699 1192 a
726 1149 820 1205 suru,
849 1151 911 1228 pro
937 1142 1022 1193 terea
1045 1126 1136 1218 quod
1163 1141 1197 1193 tu
1220 1121 1279 1189 mibi

204 1209 418 1306 praeceptat
459 1233 586 1304 egoque
618 1233 684 1276 non
704 1210 825 1276 invitus
849 1217 882 1276 ui
907 1150 1144 1304 discipulorum
1160 1225 1280 1278 ¹tuorum

205 1321 377 1366 numerum
400 1293 515 1361 referri
545 1293 662 1386 cupio,
699 1293 981 1388 quantulacunque
1004 1295 1136 1362 tanrlem
1165 1319 1233 1362 mea
1253 1291 1280 1358 sit

209 1381 370 1470 dignitas}
402 1377 486 1446 nihil
512 1403 632 1446 moror.
681 1381 808 1446 Verorb
829 1377 890 1448 boc
913 1380 1053 1446 arduum
1073 1385 1115 1446 ¹et
1140 1403 1232 1470 grave
1249 1391 1280 1444 est

188 1467 312 1536 'factuz
334 1463 397 1533 hoc
411 1465 495 1532 enim
511 1464 605 1533 hobis
621 1463 787 1557 nunquam
802 1489 868 1532 nou
884 1463 1121 1558 impedimento
1141 1462 1280 1554 estetob·

206 1568 286 1630 stat,
309 1549 397 1640 quod
414 1547 509 1638 longe
524 1547 711 1616 attentiores
739 1550 781 1616 'ad
804 1573 865 1616 nos
887 1547 995 1642 ipsos,
1026 1573 1128 1646 quarn
1152 1549 1195 1616 ad
1215 1571 1245 1616 os
1260 1559 1280 1610 et

206 1635 306 1704 verba
322 1631 443 1703 Christi
458 1658 579 1701 sumus.
624 1637 671 1700 Ita
688 1632 773 1701 eninr
798 1649 913 1708 natura
930 1635 1076 1702 humana
1092 1658 1190 1724 agere
1204 1659 1235 1702 eu
1257 1657 1279 1696 e-

151 1731 154 1738 '
205 1720 274 1799 ret',
297 1735 333 1788 ut
350 1717 517 1788 securitate
529 1717 669 1811 quadarn
690 1733 721 1786 et
733 1717 925 1785 certitudine
949 1731 982 1786 se
1004 1717 1083 1812 ipsa
1106 1719 1216 1812 potius
1234 1657 1279 1784 itui

108 1853 111 1858 ·
206 1823 238 1875 et
252 1805 310 1873 niti
325 1817 449 1900 posset:
470 1827 535 1897 qua
551 1828 586 1870 re
602 1801 775 1882 frustrata,
798 1802 952 1871 abhorret
971 1805 1154 1874 accedero·
1179 1809 1278 1870 Veron

55 1963 57 1970 ,
121 1919 128 1930 ’
204 1888 284 1959 baec
300 1888 462 1982 deprimo
478 1903 572 1982 parte
588 1885 666 1956 satis
682 1909 845 1988 superque
861 1887 1026 1974 diximus·
1078 1912 1082 1928 ¹

219 2107 225 2130 ,
290 2056 456 2155 Secundo,
487 2055 636 2156 benigna·
654 2081 790 2150 quoque
812 2053 887 2126 huic
909 2043 1229 2152 praecepto'adjeota
1249 2069 1278 2122 ut

204 2145 398 2238 promissio,
418 2157 455 2208 ut
471 2151 569 2233 su'pro
594 2157 691 2210 etiam
706 2159 922 2211 memoratum
946 2159 1012 2224 est,
1036 2169 1121 2238 quae
1142 2169 1203 2214 nos
1225 2167 1276 2208 our-

147 2289 150 2310 ,
204 2229 297 2296 nium
330 2225 613 2294 vehementissime
643 2225 798 2316 instigare
828 2223 968 2298 debebat
994 2235 1092 2321 atque
1125 2225 1277 2298 iruuellere,

167 2359 173 2382 ,
203 2317 293 2382 Haec
306 2312 390 2382 enirn
407 2311 467 2378 ilia
481 2326 555 2378 sunt
570 2311 684 2392 verba,
707 2311 983 2415 perquamanriea
1002 2329 1034 2382 et
1047 2295 1215 2394 amabilia,
1236 2311 1278 2378 hu·

205 2396 374 2468 manitatis
389 2421 424 2464 ac
440 2390 683 2484 benevolentiae
696 2395 905 2488 plenissima:
931 2402 1001 2466 Hoc
1016 2411 1065 2466 est
1090 2421 1207 2493 corpus
1228 2421 1278 2464 rue·

133 2497 135 2504 “
206 2509 273 2562 uui,
296 2483 381 2574 quod
402 2507 462 2573 pru
481 2479 572 2548 vobis
587 2480 742 2556 traditur;
767 2479 819 2550 hic
835 2497 882 2549 est
895 2482 1027 2569 sanguis
1041 2507 1146 2565 meus,
1171 2482 1221 2578 qui
1237 2503 1277 2574 pro

205 2567 299 2636 vobis
314 2565 491 2633 effunditur
506 2566 539 2632 iu
555 2564 778 2638 remissionem
795 2570 1009 2659 peceatorum'.
1031 2571 1134 2652 Haec,
1158 2570 1276 2662 inquam,

158 2715 161 2730 ,
204 2653 302 2718 verba
317 2651 381 2718 diri
399 2675 507 2742 neque
530 2647 606 2714 uilis
631 2651 775 2718 cautibus
793 2677 899 2746 neque
918 2653 1101 2744 quercubus
1119 2678 1190 2725 esse
1205 2675 1276 2746 prat

140 2775 144 2785 ,
206 2739 328 2815 dicata,
353 2759 464 2802 verum
480 2731 561 2800 mibi
575 2750 606 2800 et
622 2733 696 2810 tibi;
719 2733 846 2827 alioqui
867 2737 979 2804 cariem
998 2753 1223 2836 apertaeque
1245 2752 1277 2800 ta

70 2821 71 2830 ¹
112 2853 114 2857 ·
205 2849 275 2890 cere
294 2818 471 2912 potuisset,
493 2842 597 2915 neque
613 2817 717 2886 ulium
740 2823 982 2888 Sacrarneot'orn
1000 2839 1184 2893 instituere.
1206 2827 1277 2916 Qua·

204 2933 238 2974 re
252 2905 302 2972 fac
322 2903 417 2992 etiarn
434 2915 532 2995 atque
548 2918 666 2996 ettam,
689 2919 726 2971 ut
741 2920 774 2972 et
789 2921 820 2975 te
835 2905 870 2972 in
885 2903 964 2976 haec
985 2901 1085 2974 ierha
1102 2915 1182 3000 (pro
1196 2907 1277 2986 robu)

204 2989 362 3072 includas,
383 2987 662 3082 ne‘nequidquaur
680 3003 784 3056 tecum
800 2988 967 3082 loquatur.
999 2989 1070 3076 Hic
1084 2995 1174 3063 enim
1191 3010 1277 3062 omues

205 3074 344 3146 thesauri
368 3076 418 3142 sui
436 3073 532 3144 nobis
555 3073 654 3140 o'ffert
677 3073 822 3155 divitias,
845 3097 1066 3168 *quascunque
1091 3071 1224 3146 eoeiitus
1244 3099 1276 3140 se-

204 3186 277 3232 cum
288 3159 435 3248 humano·
446 3157 556 3248 generi
570 3157 696 3240 detulit,
709 3160 839 3250 adquas
855 3162 954 3228 otiam
965 3158 1044 3228 alias
1061 3162 1277 3230 amicissimeet
1297 3235 1298 3248 ἶ

203 3245 495 3315 amantissiurenos
506 3259 672 3335 provocat,
689 3242 789 3312 veluti
802 3242 919 3314 Matth.
929 3245 1118 3338 xtiuquit:
1137 3241 1277 3314 Veniunt
1297 3277 1298 3282 κ

204 3357 257 3400 me
265 3352 387 3409 omnes,
395 3328 452 3422 qui
463 3326 618 3396 laboratis
628 3343 659 3394 et
670 3327 792 3396 onerati
808 3320 895 3408 estis,
907 3355 966 3418 ego
977 3332 1124 3402 reficiam
1137 3356 1204 3400 vos.
1223 3335 1277 3396 Jau

205 3415 336 3508 quidem
353 3423 528 3484 extre'urnm
547 3413 589 3480 fla
614 3411 708 3481 itium
730 3429 762 3482 et
783 3412 908 3484 facinus
925 3429 989 3496 est,
1021 3418 1132 3508 quod,
1155 3411 1276 3508 purniib

204 3513 272 3567 tam
287 3515 432 3566 amanter
447 3515 542 3590 atque
558 3437 697 3574 fideliter
712 3522 771 3566 nos
786 3513 918 3580 rocetet
933 3517 1075 3581 moneat,
1091 3501 1137 3570 ad
1153 3515 1276 3570 nostrum

204 3607 370 3660 summurn
385 3597 416 3651 et
429 3583 607 3652 maximum
622 3581 745 3678 bonurn
759 3581 984 3666 contuendos,
1011 3611 1073 3654 nos
1088 3601 1158 3655 tam
1178 3583 1276 3676 alieno}

203 3691 282 3757 erga
296 3679 463 3735 vocantem
479 3690 647 3755 geramus,
670 3692 708 3736 ac
725 3681 850 3737 tantum
872 3669 1029 3761 temporis
1052 3695 1073 3739 a
1099 3676 1275 3740 Sacrament

134 3753 138 3762 ’
203 3751 450 3848 participatione
465 3753 582 3824 remoti
599 3753 782 3841 exigamus,
803 3755 905 3822 donec
941 3757 1052 3824 rorsus
1072 3756 1183 3826 animo
1198 3751 1275 3821 iutu-

162 3833 168 3848 ’
202 3847 276 3906 rato
301 3835 538 3919 refrixeriuius‚
567 3855 603 3906 ut
627 3835 719 3906 nulla
742 3863 884 3932 usquurn
907 3777 1059 3908 disiderii
1076 3857 1145 3910 aut
1176 3831 1273 3908 amoris

203 3920 395 3992 scintillatio
408 3921 502 3990 nobis
518 3939 678 4016 superstes
692 3939 866 3992 remaneat.
917 3923 1083 4016 Equidem
1102 3930 1274 3995 Sacramen-

137 4035 140 4042 ’
203 4023 273 4076 tum
288 4031 354 4074 non
379 4005 513 4099 perinde
527 4007 720 4076 intuendum
734 4022 798 4089 est,
822 4023 923 4077 utres
938 4009 1049 4094 noxia,
1071 4035 1091 4078 a
1106 4033 1172 4104 qua
1186 4007 1272 4075 vitan-

204 4091 246 4161 da
256 4089 415 4170 ambobus
426 4092 533 4186 (quod
545 4094 655 4190 ajunt)
676 4091 814 4186 pedibus
829 4093 1024 4183 fugiendum
1041 4094 1101 4178 sit,
1130 4118 1233 4164 rerum
1246 4099 1271 4152 ut

202 4175 371 4248 salutifera
393 4192 425 4244 et
444 4175 534 4244 utilis
559 4177 734 4260 medicina,
774 4203 858 4272 quae
881 4179 945 4248 tuis
966 4179 1091 4250 morbis
1110 4179 1270 4272 medeatur.

134 4351 138 4358 .
203 4262 369 4357 vitamque
384 4260 446 4334 tibi·
466 4264 521 4336 det
537 4279 570 4336 et
584 4263 714 4334 animae
732 4279 773 4358 et·
788 4263 944 4360 eorporis.
987 4257 1054 4336 Ulii
1078 4263 1165 4338 edm
1181 4275 1269 4334 amnt
