2564 4902
253 283 328 403 'oto
597 302 750 392 Articuli
767 277 1028 412 sndeddtetss

250 485 424 584 gionibus3
445 507 485 586 up
497 456 553 583 ple
565 485 720 574 educatae
729 447 936 582 :virgines'ad
949 490 1167 574 oeeonomiain
1178 489 1239 566 eila

250 597 327 646 runi
344 572 589 651 educationem,
612 589 671 648 etc.

197 739 201 745 ,
269 679 276 706 t
337 657 676 732 Huncusnnusinon
699 657 878 744 retineant,
908 657 1239 746 consolamenti

251 745 462 822 deserantur,
485 759 543 815 aut
552 743 726 814 diruantur
740 745 875 838 potius,
887 769 988 840 quam
1003 761 1040 818 ut
1053 745 1239 821 idololatiiciti

93 919 96 932 .
187 865 190 870 ¹
250 833 338 902 tibiis
356 846 390 901 et
414 827 577 928 tigmentis
598 825 772 900 hominnm
794 848 978 924 propagata
998 830 1239 933 praeferantuifi

250 918 376 987 stianae
399 928 507 996 vitae,
537 929 570 984 et
597 913 711 986 aDeo
733 915 897 986 mandatis
922 915 1041 989 officiis
1065 933 1099 990 et
1117 917 1239 986 vocateil

249 1007 338 1072 Haec
353 1000 441 1070 enim
456 998 569 1070 omnia
580 1013 730 1092 pugnant
743 1025 820 1071 cuin
834 1001 942 1095 primo
955 998 1131 1096 principali
1152 1000 1239 1072 articdt

135 1123 163 1178 χ
178 1087 186 1098 ’
249 1083 462 1166 redemtione,
482 1083 570 1154 facta
583 1107 645 1179 per
659 1087 776 1154 Jesuin
789 1085 978 1169 Christum.
1022 1085 1136 1174 Quid,
1156 1087 1231 1181 quod,

115 1193 118 1200 ’
249 1189 288 1242 ut
306 1171 374 1241 alia
388 1167 562 1239 hominurn
583 1166 730 1270 somnia²
757 1195 825 1240 non
840 1179 917 1240 su'iit
955 1188 1126 1266 raccepta,
1151 1193 1239 1240 nonii

248 1257 354 1338 saria,
374 1279 441 1324 non
459 1252 569 1354 utilia,
588 1256 647 1324 sed
652 1249 862 1355 periciplosa,
892 1271 925 1326 et
947 1282 1078 1326 causam
1101 1257 1239 1351 praebenti

172 1365 179 1377 ’
250 1340 376 1424 labori,
406 1338 568 1410 molestiis
591 1337 803 1436 penculesis,
825 1357 859 1410 et
877 1340 984 1414 cultui
1005 1341 1239 1432 infrugiferas

248 1426 433 1523 Prophetae
452 1423 619 1522 appellant
630 1430 744 1511 Aren,
765 1423 801 1498 id
815 1441 883 1547 est,
902 1418 1051 1498 dolorem
1065 1441 1099 1498 et
1114 1426 1233 1497 laborem

462 1653 507 1727 V.
558 1645 754 1760 Articulus
768 1647 817 1768 de
840 1653 984 1758 Papatu
1004 1649 1136 1760 docet,

332 1851 435 1945 Quod
449 1851 543 1956 Papa
553 1873 622 1924 non
636 1849 679 1922 sit
692 1849 767 1942 ture
783 1845 914 1932 divino,
936 1875 994 1922 seu
1014 1851 1186 1924 seeundum
1202 1849 1239 1921 eit

246 1937 312 2009 Dei
333 1954 430 2032 caput
452 1949 553 2008 totius
584 1935 864 2022 Christianitatis,
895 1935 973 2026 (hoc
990 1938 1081 2010 enim
1105 1963 1239 2008 nonienii

246 2023 311 2094 soli
326 2029 408 2094 Jcsu
423 2021 558 2092 Christo
575 2021 728 2106 debetur)
751 2019 810 2092 sed
833 2037 960 2092 tannim
975 2023 1160 2118 Episcopus
1179 2039 1203 2092 et
1217 2047 1239 2124 pt

246 2107 432 2201 Ecclesiae,
460 2132 543 2203 quae
559 2123 607 2176 est
621 2111 770 2189 Romae,
798 2119 980 2192 eteorum,
1006 2109 1062 2202 qui
1084 2108 1236 2186 voluntari,

246 2211 379 2298 sponte,
401 2191 453 2262 vel
471 2218 531 2288 per
545 2193 722 2263 lnamanam
737 2205 932 2276 creaturam,
952 2191 987 2263 id
1004 2209 1065 2277 ast,
1090 2191 1239 2290 politicum

128 2294 131 2302 '
246 2297 435 2368 gistratum,
457 2303 492 2348 se
510 2281 553 2348 ad
568 2303 644 2346 eum
659 2277 848 2360 consonant,
867 2301 942 2354 noir·
952 2295 989 2348 ut
1004 2279 1063 2348 sub
1079 2277 1094 2348 i
1119 2305 1170 2361 so,

246 2365 307 2438 sub
320 2363 467 2442 Domino
482 2363 612 2443 vivant,
633 2363 690 2432 sed
705 2379 742 2432 ut
755 2387 828 2432 cum
845 2387 884 2432 eo
899 2369 1055 2458 tanquam
1099 2279 1239 2446 ratisslld

135 2463 137 2468 ’
173 2507 175 2512 .
245 2471 325 2544 gae,
350 2449 498 2530 sodales,
520 2465 552 2519 et
565 2445 747 2517 Christiani
760 2446 848 2547 sint,
867 2449 1146 2542 quemadmodum
1158 2445 1238 2538 tecti

244 2556 352 2608 vetera
370 2529 523 2606 Concssia
538 2549 570 2605 et
584 2547 674 2602 actas
689 2531 851 2636 Cypriani
867 2535 1052 2626 ostendunt.
1219 2613 1221 2623 Ι
1237 2589 1238 2592 ,

332 2619 441 2689 Hodie
454 2644 531 2688 vero
545 2616 656 2686 nullus
668 2621 910 2712 Episcoporuni
924 2617 1023 2690 audet
1033 2623 1161 2714 Papam
1175 2623 1238 2686 nont

243 2706 401 2784 fratrem,
441 2719 479 2772 ιιι
500 2717 606 2772 aetate
627 2699 785 2796 Cypriani
808 2701 930 2773 sasaim
954 2717 1020 2788 est,
1051 2705 1113 2776 sed
1136 2715 1237 2799 operta*

244 2789 422 2886 Episcopi,
444 2785 514 2862 iino
530 2787 688 2857 Caesares
708 2791 879 2885 etReges,
901 2793 1028 2886 Papam
1048 2789 1202 2886 appellent
1214 2801 1237 2852 en

243 2903 300 2946 uni
333 2871 618 2944 Gratiosissimum
655 2875 850 2942 Dominum.
911 2875 1002 2950 Hanc
1036 2865 1237 2968 arrogantianl

243 2986 286 3031 na
308 2957 508 3032 conscientia
531 2983 590 3028 nec
610 2955 782 3037 volumus,
804 2982 864 3032 nec
886 2979 1082 3052 possumus,
1111 2984 1167 3030 nec
1184 2957 1236 3026 ddtt

243 3046 393 3142 probare.
439 3044 509 3132 Qui
518 3067 604 3143 'vero
616 3067 651 3112 se
663 3040 693 3112 ei
704 3039 864 3138 subjicere
878 3042 1028 3129 voluerit,
1049 3043 1236 3165 laeiatidsnp

242 3131 553 3203 riculosinenobis.
713 3141 715 3147 '
1081 3155 1088 3186 i

327 3216 416 3286 Hinc
434 3214 601 3308 sequitur,
622 3207 762 3290 omnia,
792 3235 878 3306 quae
891 3215 938 3282 Pa
965 3240 1040 3288 aex
1065 3231 1135 3286 tam
1152 3221 1235 3294 arrogt

242 3301 435 3384 temeraria,
459 3300 635 3380 mendace,
656 3297 729 3370 blas
754 3295 867 3380 hema,
890 3315 922 3368 ct
938 3237 1028 3372 liirto
1051 3315 1174 3395 arrepta
1187 3299 1235 3438 peip

170 3447 172 3453 .
243 3404 274 3456 te
295 3386 438 3480 suscepit
451 3401 493 3478 ‘et
518 3383 613 3464 fecit,
650 3398 684 3453 et
708 3321 816 3452 adhuc
838 3382 936 3470 iacit,
968 3385 1071 3458 fuisse
1100 3402 1132 3456 et
1157 3405 1208 3452 esse

241 3468 403 3542 diabolica
419 3484 536 3539 acta'et
552 3465 722 3550 instituta,
741 3470 907 3564 ¹(excepta
936 3469 1064 3566 politici
1085 3469 1172 3562 regni
1190 3461 1234 3532 add

240 3555 417 3642 stratione,
445 3553 609 3624 ubilleus
634 3577 731 3645 saepe
748 3553 847 3624 etiam
861 3575 921 3654 pei·
940 3567 1117 3650 tyrannm,
1145 3569 1173 3622 ot
1188 3535 1234 3643 pol

240 3640 419 3712 nebulones
439 3637 567 3738 populo
592 3635 714 3737 alicubi
733 3637 907 3727 benefacit)
936 3643 979 3712 ad
985 3642 1200 3746 perditionem
1214 3609 1234 3696 td

239 3719 770 3801 sanctaeiltcdesiaeeaiholicae
791 3741 849 3792 seu
870 3723 1080 3798 Christianae
1104 3727 1233 3834 (fluantifflQ

239 3811 313 3905 ipso
329 3818 392 3896 est)
408 3824 440 3880 et
455 3813 496 3880 ad
512 3807 764 3878 destructionem
766 3809 889 3964 (dirimi
908 3826 942 3883 et
961 3810 1130 3908 praecipui
1151 3793 1233 3878 arucil

180 3933 184 3944 ·
238 3895 439 3982 redemtione
455 3895 540 3964 facta
557 3899 752 3987 per-Iesum
819 3893 950 3966 ristum.
1225 3961 1232 3974 ,ι

324 3985 478 4053 Prostant
494 3979 580 4048 enim
596 4003 709 4048 omnes
724 3979 736 4048 i
758 3979 828 4054 sins
852 3980 970 4053 Bullae
985 3995 1018 4052 et
1034 3979 1129 4065 libri,
1155 3975 1183 4047 in
1200 3975 1232 4063 ιιι

236 4066 327 4159 rugit
342 4083 378 4135 ut
400 4067 556 4148 leo',1(ut
577 4063 716 4156 angelus
728 4001 862 4160 elpocal.
879 4071 949 4138 xil.
964 4069 1139 4158 significat)
1154 4061 1232 4152 clantl

140 4223 148 4231 ,
238 4152 402 4222 neminem
420 4148 686 4220 Christianorum
708 4173 804 4242 posse
834 4150 973 4234 salvari,
1000 4151 1066 4222 nisi
1085 4151 1115 4222 ei
1135 4143 1230 4220 obediat·

236 4239 403 4328 subjectus
422 4236 486 4326 ait,
514 4231 551 4310 in
576 4233 750 4326 omnibus,
776 4259 990 4340 quaecunque
1010 4237 1099 4324 vult,
1123 4233 1231 4329 quaesiit
