2610 4900
154 351 268 446 '364
428 363 430 371 '
494 445 511 474 ,
539 349 788 430 Cateohistnus
814 357 972 464 major.¹

123 545 129 565 ³
148 535 157 542 '
192 523 262 610 cte'r
278 533 357 606 huic
371 534 405 604 in
421 532 616 621 os'otsiste,
636 553 675 605 ut
690 537 823 632 pudore
833 534 1056 606 suffundatur.
1078 537 1126 603 lta
1141 534 1264 602 futurum

192 639 259 704 est,
278 637 315 690 ut
327 623 439 692 erebro
456 623 529 716 quis
545 646 581 692 os
598 647 695 690 suum
712 623 877 703 obstruat,
906 621 965 716 qui
984 620 1111 714 aiioqui
1133 620 1264 687 miserunt
1291 697 1293 708 A

89 721 97 736 ¹
192 706 337 803 aliquem
354 705 388 775 in
406 731 465 776 ora
480 705 652 776 homiuum
666 703 820 801 pestifera
829 697 1059 776 detrectatione
1078 703 1264 784 diffunderet,

191 808 358 883 ens-notas
372 812 419 861 ‘ac
441 789 584 860 maculas
605 792 792 874 inustmus,
822 815 903 888 quas
923 813 1019 879 aegre
1039 805 1097 876 aut
1120 812 1265 942 uunpuan

123 912 127 924 ·
162 875 298 969 ‘possis
320 875 440 946 eluere.
496 875 661 946 Praeclari
682 875 771 946 enim
790 875 934 946 neminis
955 873 1159 964 acintegrae
1194 899 1265 942 aerae

190 960 413 1036 testimonium
438 960 502 1030 cito
525 960 621 1030 alicui
644 961 802 1057 eripitur:
831 963 890 1032 sed
908 959 1008 1046 semel
1025 973 1196 1056 ereptum,
1216 982 1265 1026 neu

7 1099 8 1126 ,
85 1057 89 1074 ¹
188 1044 326 1140 perinde
340 1044 438 1115 facile
448 1061 668 1140 recuperatur.

274 1137 323 1200 lta
334 1130 425 1200 vides
441 1130 477 1222 in
493 1130 683 1200 universum
700 1129 910 1200 interdictum
926 1138 1017 1212 esse',
1045 1127 1136 1200 maie
1151 1130 1265 1226 quippi-

190 1237 243 1283 am
257 1214 350 1310 loqui
365 1215 405 1285 de
419 1216 585 1308 proximo,
615 1215 754 1311 exceptis
778 1233 889 1288 tamen
909 1214 1177 1304 magistratibus,
1205 1239 1265 1282 con-

188 1299 410 1371 cionatoribus
423 1317 457 1369 et
472 1301 681 1393 parentibus,
703 1317 738 1370 ut
752 1301 814 1370 hoc
829 1316 1036 1394 praeceptum
1055 1300 1099 1368 ita
1122 1299 1264 1383 intelliga-

187 1399 258 1468 tur,
280 1410 321 1455 ue
335 1383 413 1465 vitia
424 1384 759 1480 impunitarnaneent.
801 1392 878 1455 Jam
895 1385 1173 1480 quemadmodum
1189 1385 1263 1478 quin

188 1485 221 1539 to
239 1471 409 1566 praecepte
425 1469 590 1542 neminem
607 1471 760 1563 jubemur
773 1470 898 1542 laedere
908 1490 926 1553 ,'
940 1485 1072 1564 excepto
1088 1485 1197 1540 tamen
1210 1495 1264 1538 car-

185 1555 297 1639 nifice,
322 1558 434 1648 quiex
450 1555 557 1626 officio
578 1554 709 1630 nemini
725 1557 931 1638 commodat,
960 1557 1014 1622 sed
1032 1554 1186 1641 irrogatis
1205 1569 1265 1646 sup-

74 1713 87 1728 „
185 1639 295 1732 pliciis
311 1639 414 1710 officit
429 1640 602 1723 omnibus,
623 1666 729 1741 neque
740 1657 854 1710 tamen
875 1657 1083 1736 pracceptum
1097 1637 1162 1708 Dei
1179 1654 1264 1708 trans-

85 2707 87 2714 ·
182 2681 279 2750 quem
296 2681 395 2726 curan

159 1760 164 1769 ν
183 1724 351 1826 greditun,
371 1727 773 1825 propterea,·quod1)eus
788 1726 889 1816 hujus
905 1724 1005 1824 officii
1019 1723 1264 1823 procurationem

185 1819 245 1877 'sua
268 1819 373 1900 gratia
393 1825 615 1893 constituerit,
643 1835 721 1880 nam
742 1823 1184 1904 por·-arum1rrogattonem
1205 1833 1264 1876 suae

184 1893 349 1963 voluntati
372 1894 563 1976 reservavit,
594 1911 630 1964 ut
652 1895 686 1964 in
711 1902 888 1990 praecepto
908 1892 1020 1990 primo,
1042 1897 1203 1963 minatur:
1231 1894 1264 1959 ita

185 2003 317 2072 quoque
332 2003 520 2074 quanquam
539 2005 652 2056 nemo.
671 1997 834 2075 quantum
849 1981 893 2048 tul
918 2005 979 2075 pro
1004 1976 1089 2048 riam
1113 2003 1264 2072 personare

184 2061 320 2144 attinet,
342 2062 447 2132 aii‘um
467 2063 615 2158 judicare
630 2091 737 2158 neque
763 2065 917 2134 damnare
943 2005 1073 2150 'cicietur
1099 2080 1207 2133 tamen
1220 2061 1262 2130 ubi

183 2147 325 2218 huenen
346 2147 467 2234 faciunt
491 2149 532 2232 ii,
555 2149 763 2244 quibus-hoc
782 2149 1105 2250 demandatumpcst,
1131 2149 1263 2252 equidem

183 2232 292 2302 iinon
307 2235 417 2302 minus
433 2253 565 2328 peccant
578 2236 620 2302 oh
636 2235 885 2328 negligentiam,
910 2259 1009 2330 quam
1024 2232 1089 2316 illi,
1114 2259 1174 2330 qui
1193 2251 1263 2302 extra

116 2371 119 2380 .
184 2317 327 2388 officium
344 2318 405 2393 hoc
414 2317 534 2412 injussi
550 2318 684 2391 faciunt.
729 2323 792 2388 Hic
808 2318 895 2392 enim
913 2319 1019 2410 erigit
1031 2318 1222 2407 necessitas,
1238 2330 1264 2384 ut

182 2402 325 2476 devitiis
341 2429 449 2472 sermo
468 2403 642 2488 habeatur,
663 2418 701 2473 ut
714 2421 921 2483 accusentur,
944 2403 1153 2496 deferantur,
1178 2404 1210 2472 in
1220 2407 1262 2494 ju-

183 2486 268 2558 dicio
282 2487 524 2582 perquirantur,
547 2506 580 2560 et
594 2489 778 2560 testimonio
787 2489 1056 2584 comprobentur.
1089 2493 1213 2584 'Neque
1224 2504 1262 2556 'se

181 2573 380 2664 cus-agitur,
425 2584 501 2642 uam
518 2601 592 2644 eum
615 2575 761 2658 medico,
796 2573 855 2668 qui
877 2597 1118 2681 nonnunquam
1144 2572 1260 2664 aegroti,

397 2599 474 2728 ium
490 2657 653 2755 suscepit,
673 2659 744 2728 loca
758 2683 875 2730 arcana
890 2661 1038 2742 contueri
1054 2672 1087 2730 et
1100 2673 1261 2728 eontracta—

180 2765 216 2809 re
238 2739 426 2812 necessitate
446 2748 581 2834 cogitur.
631 2751 680 2812 lta
698 2769 830 2838 quoque
854 2745 1082 2836 magistratus,
1110 2749 1260 2839 parentes,

179 2823 297 2898 fratres
312 2843 410 2920 atque
427 2851 574 2908 sorores,
595 2844 664 2897 turn
682 2830 739 2926 qui
754 2825 850 2897 amici
867 2845 943 2897 sunt
955 2828 1040 2896 iuter
1055 2851 1102 2910 se,
1127 2829 1191 2915 hoc
1202 2851 1260 2894 mu-

179 2924 237 2979 tuo
252 2911 501 3002 obstringuntur
512 2913 620 3001 officio
628 2964 638 3011 t
663 2929 714 2995 ut,
738 2910 794 3002 ubi
817 2912 896 2982 utile
919 2913 1077 2983 fueritne
1098 2911 1260 2986 necessari·

169 2998 254 3082 um,
279 2995 363 3066 alter
379 2995 513 3066 alterius
530 2997 672 3068 viciss1m
692 2995 912 3092 reprehendat
924 2997 1014 3067 vitia.

228 3097 229 3102 ’
265 3083 440 3152 Caeterum
461 3081 540 3154 hacc
565 3099 756 3162 reetatesset
778 3085 863 3152 ratio
886 3079 1097 3174 objurgandi
1109 3083 1209 3163 vitia,
1238 3079 1258 3146 si

178 3167 329 3266 ordinem
342 3168 578 3270 praescriptum
589 3165 624 3234 iii
635 3167 818 3260 Evangelio
833 3168 1090 3249 observaremus,
1107 3169 1166 3238 uhi
1177 3163 1257 3236 Cini-

58 3319 60 3328 ,
105 3321 111 3326 ,
178 3268 248 3320 stus
267 3269 375 3347 rnquut
391 3251 510 3322 March.
529 3255 669 3322 xv111.:
691 3253 728 3321 Si
746 3252 929 3353 peccaverit
952 3252 988 3320 in
1013 3269 1044 3322 te
1066 3251 1256 3327 frater'tuus,

176 3337 259 3406 rade
273 3352 306 3418 et
320 3339 403 3408 cerri
428 3363 561 3421 ecum,
588 3337 676 3406 inter
694 3355 727 3407 te
745 3354 778 3407 et
798 3363 908 3432 ipsum
929 3331 1048 3410 selum.
1077 3365 1081 3368 ·
1097 3338 1199 3414 Vides
1219 3333 1257 3401 hic

89 3477 92 3488 ,
175 3419 379 3516 praeclaram
395 3363 575 3492 ‹ioctrinam
592 3422 652 3491 tibi
664 3421 888 3516 propositam,
911 3445 977 3514 qua
990 3421 1137 3514 linguam
1154 3422 1257 3514 guber-

175 3502 289 3589 nabis,
318 3529 403 3599 quae
429 3507 528 3576 etiam
557 3505 743 3598 diligenter¹
759 3507 1047 3576 animadvertenda
1069 3517 1123 3576 est
1165 3521 1255 3576 centa

125 3657 127 3664 ,
150 3676 152 3684 y
175 3589 395 3745 pemipiosum
410 3590 600 3691 detrahendi
614 3592 947 3692 abusumetuitiumss
980 3593 1033 3662 Ad
1046 3591 1146 3695 huius
1163 3591 1254 3687 itaque

201 3690 345 3764 octrunae
363 3699 520 3746 amussim
535 3691 624 3746 tuam
638 3691 738 3746 vitam
752 3691 907 3761 institue,
931 3702 972 3746 ue
997 3694 1063 3747 tam
1081 3693 1146 3748 etto
1159 3698 1255 3772 prou-

174 3759 286 3830 mi'tui
301 3758 425 3830 famam
438 3759 474 3829 iu
490 3759 609 3857 vulgus
627 3761 764 3844 efferas,
792 3761 934 3858 eumque
955 3762 1052 3833 foede
1073 3785 1111 3832 ac
1133 3757 1253 3854 turpiter

112 3865 116 3880 ‘
173 3844 344 3927 traducas,
362 3845 558 3915 sed-occulte
575 3846 733 3942 corripias
759 3865 968 3924 numeneus,
999 3861 1036 3914 ut
1061 3861 1181 3915 moute
1201 3841 1253 3908 vita

94 4001 98 4016 ,
172 3928 354 4024 resipiscat.
396 3928 557 4022 Similiter
572 3929 673 3999 alium
689 3957 754 4025 quo
780 3957 821 4002 ue
833 3930 957 4024 aliquid
974 3931 1034 4001 tibi
1048 3942 1251 4024 susurrantem

126 4023 129 4032 '
173 4031 232 4085 aut
246 4013 462 4098 deferentem,
491 4013 571 4108 quid
593 4013 646 4086 hic
668 4032 726 4085 aut
746 3955 831 4088 aiter
853 4015 1015 4108 flagitiose
1037 4015 1250 4116 designavere,

166 4097 390 4184 emesenam,
413 4113 452 4168 ut
469 4112 540 4184 eat,
567 4097 726 4196 illumque
748 4101 858 4198 ipsum
881 4101 1056 4195 corripiat,
1086 4125 1114 4170 s1
1134 4099 1247 4168 videm

162 4183 370 4280 'ein-minus,
391 4199 431 4254 ut
446 4209 483 4252 os
497 4181 521 4254 a
537 4185 769 4256 detrectatione
786 4186 932 4256 clausum
949 4201 1066 4256 teneat.
1152 4256 1166 4284 d

168 4315 185 4337 s·
202 4297 206 4305 ¹
237 4271 326 4340 *utor
340 4271 439 4342 mant
453 4268 683 4366 disoerepotes
696 4297 735 4342 ex
746 4272 937 4369 quotidiana
946 4269 995 4353 rei
1008 4267 1176 4344 familiana
1183 4284 1246 4358 pre
