2602 4888
192 254 290 404 ,ida
393 232 423 318 ’ζ’
537 291 715 402 termus
740 290 999 394 murorum·
1058 285 1072 364 ζ

212 497 309 586 ptum
322 491 374 552 est
389 476 492 564 enims
567 473 854 576 ipprsererarerit
877 501 899 546 u
965 477 1048 550 ead
1062 479 1169 574 tinem,
1192 477 1267 548 ulus

213 564 286 642 erit.
338 563 383 636 Et
401 569 526 670 Aposto
541 585 578 631 us
599 577 678 632 artz·
698 560 879 656 Participes
961 561 1034 632 nisti
1061 565 1268 648 ellecti'sunus,

213 656 241 722 si
264 669 373 752 tamen
388 650 525 720 'initium
550 646 753 727 substantiae
770 673 877 744 usque
899 652 942 718 ad
965 649 1066 718 finem
1087 651 1205 720 firmum
1217 655 1268 720 reti·

212 761 394 808 nuerrmus.
684 799 690 808 .
795 755 798 765 ’
880 741 886 756 ’

221 835 226 848 ’
299 826 346 890 Et
358 818 492 914 quidem
508 813 660 912 inprimis
680 814 766 886 ialsa
782 831 815 886 et
835 813 1019 914 Epicuraea
1035 818 1094 890 illa
1111 820 1211 914 opinio
1223 845 1269 908 gre·

213 908 299 978 riter
307 904 530 996 redarguenda
545 919 642 998 atque
656 902 835 992 rejicienda
851 919 911 985 est,
926 905 1017 1000 qnod
1032 906 1165 1000 quidam
1174 906 1268 992 fingunt.

215 995 368 1068 fidem'et
387 1005 552 1082 acceptam
575 988 737 1080 justitiam
756 1003 855 1082 atque
881 987 1023 1059 salutem
1035 1013 1108 1078 ‚non
1127 1015 1212 1084 posse
1224 983 1283 1054 ullis*

214 1075 358 1173 peccatis·
372 1091 429 1144 aut
447 1073 625 1144 sceleribus
645 1072 788 1156 (tametsi
811 1073 946 1141 omnino
962 1075 1147 1144 voluntarie
1164 1091 1192 1142 et
1205 1072 1270 1141 desti-

168 1167 177 1183 '
215 1179 292 1232 nata
315 1160 444 1230 malitia
466 1159 551 1228 mala
576 1183 595 1226 o
621 1181 675 1226 era
697 1162 936 1252 perpetrentur)
956 1159 1081 1242 amitti,
1110 1161 1165 1228 sed
1186 1155 1271 1226 etiami

216 1247 316 1318 homo
335 1245 459 1340 absque
476 1243 567 1314 omni
616 1243 644 1312 ei
664 1244 778 1311 timore
793 1258 824 1312 et
838 1242 964 1338 pudore
981 1245 1094 1338 pravis
1110 1245 1176 1312 suis
1193 1267 1271 1311 coner·

176 1337 182 1350 '
213 1331 378 1430 piscentiis
391 1329 574 1420 indulgeat,
597 1327 734 1420 Spiritui
750 1341 861 1396 sancto
874 1331 1051 1429 repugnet,
1074 1343 1113 1399 et'
1123 1328 1227 1398 atrocia
1237 1326 1271 1392 la

239 1417 294 1488 iti'ai
311 1431 423 1485 contra
447 1413 673 1484 conscientiam
696 1435 787 1480 suam
806 1415 854 1500 (et
869 1413 1003 1506 quidem
1019 1415 1110 1486 malo
1133 1413 1270 1508 proposito)

204 1446 382 1590 designet,
404 1499 623 1573 nihilominus
638 1511 748 1565 tamen
761 1485 876 1582 iidem,
898 1499 1038 1590 g'ratiam
1053 1501 1139 1583 Dei,
1159 1497 1271 1592 justitiae

215 1607 313 1683 atque
330 1587 466 1655 salutem
479 1583 616 1653 retinere
628 1607 733 1686 posse.
1086 1659 1089 1668 ,

303 1674 427 1741 Contra
449 1666 857 1763 hanespestrlentissimam
886 1667 1133 1764 persuasionem
1163 1663 1272 1768 singdni

124 1841 126 1846 Α
218 1756 390 1847 diligentia
403 1756 463 1824 hae
476 1753 682 1835 verissimae,
702 1751 874 1835 immotae,
896 1754 1027 1822 divinae
1038 1753 1272 1826 comminaturus

218 1866 359 1938 poenae,
390 1839 646 1922 admonitiones,
676 1837 895 1922 Christianis,
926 1840 1108 1934 perfidem
1132 1837 1273 1928 justificetis,

217 1953 313 2022 saepe
337 1923 532 2018 repetendae
554 1939 653 2017 atque
679 1921 889 1998 inculcandae
914 1925 1021 1994 sunt'
1051 1923 1165 1994 Nolite
1190 1945 1273 1992 errem

178 2049 180 2058 =
218 2036 325 2114 neque
338 2007 522 2086 fornicarii,
544 2033 651 2102 neque
666 2003 819 2105 adulteri,
842 2033 883 2078 ne
908 2007 1073 2090 ueavari,
1099 2005 1159 2078 e'tc.
1173 2027 1273 2098 'regem

218 2095 521 2190 Derpossidebunt.
570 2097 617 2162 Et
632 2091 731 2162 alebi:
771 2095 840 2182 Qui
856 2035 937 2164 talia
955 2110 1074 2186 agunt,
1105 2119 1229 2182 regnum
1241 2095 1273 2156 ltu

100 2211 104 2218 ·
216 2208 285 2251 non
302 2195 550 2271 consequentur.
592 2184 637 2247 Et
652 2179 694 2246 ad
709 2181 892 2247 Romanos:
928 2180 965 2246 Si
988 2179 1274 2246 secundumramen

217 2265 380 2357 vixeritis,
402 2262 619 2363 moriemini·
642 2268 704 2334 Et:
728 2267 869 2359 Propter
883 2263 962 2335 talia
974 2261 1065 2334 venit
1081 2263 1134 2334 ina
1145 2263 1205 2332 Dei
1216 2281 1274 2352 super

197 2397 199 2406 ι
218 2351 302 2422 filios
318 2349 563 2419 incredulitatis.
1070 2405 1082 2412 .

303 2436 452 2536 Quando,
470 2451 580 2502 autem
601 2445 633 2502 et
654 2455 721 2526 qua
734 2431 862 2502 ratione
881 2459 919 2502 ex
945 2435 1006 2504 hoc
1027 2432 1230 2502 fundamento
1246 2455 1275 2494 u·

208 2521 420 2596 'hortationes
444 2521 486 2594 ad
502 2519 589 2590 bona
614 2543 714 2620 opera
737 2519 883 2611 (absque
906 2519 1142 2592 obscuratione,
1156 2516 1275 2606 electrina

188 2606 194 2621 ¹
220 2607 259 2676 de
277 2607 340 2673 sule
363 2620 395 2673 et
417 2602 549 2672 articuli
570 2605 609 2672 de
629 2603 870 2694 Justilicatione)
892 2604 963 2674 acui
986 2602 1134 2708 possint,
1157 2601 1275 2712 Apologia

110 2703 121 2731 ¹*
218 2692 417 2761 luculentum
433 2689 503 2779 ejus
519 2691 567 2756 rei
582 2687 746 2781 exemplar
757 2687 914 2782 dipingit,
938 2689 994 2757 ub1
1013 2715 1046 2758 ca
1076 2689 1203 2758 ite-xl..
1218 2703 1275 2774 supet

217 2775 318 2846 verba
342 2773 431 2842 Petri
452 2775 615 2862 (satagite
644 2774 846 2842 vocationem
867 2791 1008 2843 vestram
1063 2776 1169 2842 rmain
1197 2769 1274 2850 sacen]

218 2860 297 2930 haec
313 2857 553 2958 verbalpabetr¹
576 2862 692 2927 Petrus
710 2858 821 2938 docet,
843 2883 944 2960 quare
962 2863 1028 2928 sint
1042 2859 1132 2928 bona
1155 2853 1274 2950 operali-

194 2943 349 3028 ''cienda,
373 2943 515 3023 scilicet,
539 2959 576 3011 ut
590 2943 633 3011 sit
648 2943 742 3011 firma
760 2960 907 3026 vocatio,
928 2944 990 3011 hoe
1011 2959 1074 3024 est,
1099 2969 1141 3012 ne
1155 2941 1275 3011 vocarint

218 3055 277 3100 sua
295 3029 452 3112 excidant,
468 3027 496 3096 si
509 3028 627 3126 iterum
641 3043 783 3120 peccent.
826 3029 935 3098 Facite
953 3027 1091 3124 (inquit)
1109 3029 1274 3122 lronaoptn

218 3133 256 3186 ut
278 3113 488 3210 perseveretis
510 3137 544 3180 m
566 3129 673 3182 vestra
693 3112 827 3182 coelitus
850 3114 942 3182 vobis
964 3114 1110 3204 injuncta
1137 3127 1274 3183 vocatum

111 3267 114 3274 .
218 3227 258 3270 ne
276 3225 408 3268 rursum
432 3197 604 3279 deficiatis,
633 3214 665 3266 et
684 3183 840 3266 amittatis
861 3198 1021 3292 Spiritum
1048 3223 1086 3268 ac
1110 3200 1208 3278 dona,
1227 3211 1275 3282 quat

217 3287 309 3381 prius
326 3283 544 3374 contigerunt,
565 3308 632 3352 non
646 3297 777 3378 propter
789 3282 957 3376 sequentia
972 3308 1095 3382 opera,
1116 3284 1171 3351 sed
1187 3308 1218 3350 ex
1230 3299 1276 3367 gu·

154 3387 157 3396 ’
220 3372 284 3454 tia,
307 3393 363 3462 per
373 3368 561 3456 Christum,
584 3383 615 3436 et
628 3370 695 3459 jam
710 3367 890 3436 retinentur
902 3369 974 3437 lide.
1017 3375 1061 3438 At
1074 3369 1155 3436 lides
1172 3381 1274 3433 nonma-

219 3471 275 3524 net
292 3454 326 3520 in
336 3455 407 3536 his,
440 3453 495 3547 qui
510 3476 645 3556 pravam
663 3451 761 3521 vitam
783 3467 903 3543 agunt,
936 3469 968 3522 et
982 3453 1140 3521 amittunt
1158 3449 1274 3544 Spiritun

219 3553 384 3619 sanctum,
411 3553 442 3630 et
456 3537 612 3630 abjiciunt
628 3537 873 3634 poenitentiam.
919 3541 1083 3608 Hactenus
1096 3543 1125 3605 A
1151 3533 1264 3623 ologin

302 3627 330 3691 E
347 3621 512 3692 contrario
528 3637 637 3692 autem
651 3637 782 3692 nonest
799 3619 1034 3706 sentiendum,
1050 3563 1148 3716 quod
1159 3621 1227 3687 tides
1238 3615 1274 3681 int·

218 3707 267 3778 tio
283 3721 406 3776 tantum
421 3707 580 3798 justitiam
596 3723 628 3776 et
639 3707 776 3775 salutem
791 3707 1030 3801 apprehendat,
1051 3723 1164 3800 postea
1174 3725 1235 3770 vero
1245 3692 1274 3763 el·

117 3847 123 3862 .
218 3793 327 3862 ficium
347 3815 442 3860 suum
464 3793 617 3885 operibus
637 3791 795 3883 resignet,
827 3807 864 3862 nt
883 3815 921 3862 ea
938 3791 1090 3888 deinceps
1111 3789 1217 3868 fidem,
1240 3803 1273 3928 aps

219 3877 413 3973 prehensam
447 3877 608 3966 justitiam
637 3877 836 3954 et.salutem
869 3899 1060 3946 conservare
1084 3876 1220 3945 debeant
1268 3877 1274 3924 t

173 3966 195 4010 ·'
219 3959 418 4032 etii'mnobis
434 3961 662 4053 promissio'de
679 3961 802 4052 justitia
819 3975 861 4029 et'
872 3959 978 4031 salute
1001 3977 1113 4030 nostra
1127 3977 1191 4028 nnn
1209 3950 1273 4022 mult

219 4047 464 4141 consequenda,
492 4068 606 4114 verum
631 4045 729 4114 etiam
753 4044 940 4128 retinenda,
970 4061 1057 4114 certa
1077 4061 1110 4114 et
1130 4044 1214 4111 firma
1233 4053 1273 4102 ⁰⁵⁵⁰

218 4136 339 4238 possit,
369 4129 490 4200 Paulus
509 4156 577 4198 non
600 4143 724 4198 tanturn
745 4129 871 4200 aditum
895 4131 938 4200 ad
952 4129 1110 4220 gratiam,
1137 4129 1272 4196 vernonu-

187 4277 198 4296 .
217 4241 302 4302 nm,
325 4215 415 4311 quod
430 4215 463 4284 in
478 4215 584 4310 gratia
599 4237 859 4310 perseveramus,
880 4231 914 4289 et
930 4216 970 4286 de
990 4211 1211 4304 suurn-glorta
1223 4201 1271 4296 git
