2548 4906
371 373 630 456 Confessionis.¹
776 387 784 400 ⁸
848 425 876 490 g
978 405 1049 480 ¹77
1116 479 1119 488 ¹

8 563 78 633 erint
92 564 123 631 in
137 564 263 631 maenis
289 561 440 656 periculis
452 567 469 642 ,'
493 561 661 656 quomodo
684 544 859 632 docuerint·
873 559 1050 654 Evangeli-

8 679 37 732 r,
57 675 131 743 quas
150 617 403 716 habuerintcum
418 645 587 716 haereticis
603 646 842 716 dimicationes:
871 651 1051 746 prosuntet
1096 723 1099 732 ‚

8 733 107 828 empl'a
129 730 389 814 misericordiae,
416 747 452 800 ut
471 757 545 801 cum
563 731 729 814 videmus,
760 731 861 801 Petr'o
883 731 1050 802 condona-

8 844 109 888 nesse
128 815 350 907 negationem,
379 841 451 884 cum
474 817 620 885 videmus
637 818 803 910 Cypriane
826 818 1050 888 condonatum
1109 873 1112 880 .

8 932 47 982 te,
72 903 159 996 quod
190 924 305 1000 magus
334 899 466 983 fuisset,
494 927 567 969 cum
590 901 739 970 videmus
771 902 991 995 Augustimrm
1015 900 1051 970 in

8 989 73 1057 trbo
89 1003 252 1080 expertum
268 1011 334 1052 vrm
354 984 446 1068 fidei,
469 1002 651 1064 constanter
664 985 848 1067 affirmare,
872 987 1060 1080 quodvere,
1157 995 1160 1010 '

8 1099 49 1142 eus
83 1071 228 1140 exaudiat
258 1095 369 1162 preces
402 1068 613 1139 credentium.
660 1069 860 1163 Huiusmodi
891 1069 1050 1163 exempla,

10 1181 43 1224 ae
58 1155 107 1224 vel
128 1155 223 1224 fidem
247 1153 298 1222 vel
314 1154 484 1238 timorem,
511 1153 565 1254 yel
593 1154 907 1224 administrationem
938 1157 984 1224 rei
1008 1179 1051 1248 u-

10 1266 61 1310 eae
79 1239 254 1322 continent,
284 1239 442 1335 proderat
454 1238 595 1308 recitari.
639 1240 706 1308 Sed
724 1237 897 1328 histriones
915 1241 971 1334 qui
997 1265 1051 1339 aiu

8 1325 47 1425 lia
61 1349 159 1420 neque
174 1325 270 1406 fidei,
301 1349 405 1418 neque
421 1322 739 1416 rerumpublicarum
751 1328 968 1414 regendarum
983 1351 1053 1396 sct-
1125 1359 1130 1368 ’

8 1429 44 1482 tra
65 1407 219 1514 praediti,
247 1408 623 1492 conlinxeruntfabulas
643 1408 825 1500 inritatione
842 1415 1051 1494 Podmatum,
1126 1457 1134 1493 ·,

21 1498 135 1590 quibus
159 1511 285 1563 tantum
308 1495 428 1562 insun't'
443 1493 669 1588 superstitiosa
691 1495 854 1588 exempla,
893 1496 941 1562 de'
955 1494 1051 1564 certis
1080 1552 1082 1560 .

8 1581 124 1660 r'cibus‘,
154 1579 249 1648 certis
264 1578 419 1670 iejuniis,
441 1593 482 1646 et
498 1577 610 1648 addita
625 1595 703 1647 sunt
742 1579 879 1647 uaedam
891 1577 932 1647 ad
948 1579 1055 1674 quae-²

8 1695 44 1734 ‚m
70 1663 228 1733 facientia.
271 1662 468 1756 Cuiusmodi
499 1681 576 1732 sunt
598 1605 753 1733 miracuia
776 1665 815 1732 de
835 1665 989 1744 rosariis,
1020 1677 1054 1735 et

9 1748 118 1820 rilibus
140 1748 329 1818 ceremoniis
345 1749 488 1831 conlicta.
531 1754 645 1844 Neque
666 1774 748 1842 opus
770 1765 818 1818 est
839 1749 892 1817 hic
914 1747 1053 1820 recitare

8 1833 116 1928 impla.
155 1837 276 1902 Extant
304 1830 390 1901 enim
422 1831 596 1933 legendae,
636 1849 673 1901 ut
700 1849 834 1919 vocant,
872 1850 903 1902 et
921 1832 1054 1928 specula

8 1915 433 2022 amplorum,',etllosaria,
464 1918 634 2023 mquibus
671 1917 801 2012 leraque
815 1933 888 1986 sunt
900 1944 967 2006 non
981 1917 1054 2008 dis·
1087 1973 1091 1978 -

8 2005 80 2074 riba
96 2003 178 2070 veris
193 2001 434 2084 narrationibus
449 2002 597 2076 Lucrani.
618 2005 621 2014 ¹
642 1943 703 2071 llis
726 2001 923 2106 prodigiosis
937 2019 971 2072 et
985 2001 1052 2071 im·
1147 2000 1150 2012 ’
1175 2032 1177 2040 ·

8 2087 159 2160 ssabulis
173 2085 375 2182 applaudunt
389 2086 558 2182 Episcopi,
580 2085 756 2178 Theologr,
778 2087 944 2178 Monachi,
995 2086 1053 2158 uia
1138 2093 1141 2098 '

9 2179 82 2262 iunt
108 2173 188 2260 πρὸς
204 2173 245 2240 τὰ
262 2169 405 2264 ἄλφιτα,
425 2173 485 2242 nos
500 2199 567 2242 non
581 2171 697 2255 lerunt,
722 2171 778 2266 qui
789 2189 831 2260 ,ut
847 2171 982 2262 Christi
1012 2198 1058 2242 o«

8 2289 14 2328 r
41 2277 73 2328 et
93 2257 366 2348 officium'rnagis
383 2258 523 2344 conspici
541 2257 661 2350 possit,
690 2282 757 2326 non
780 2255 978 2350 requirimus
996 2255 1052 2347 in'-

8 2345 159 2415 :ationem
176 2359 378 2424 sanctorum,
407 2359 438 2410 et
451 2343 573 2420 abusus
598 2342 634 2410 in
649 2341 736 2410 cultu
753 2357 1053 2413 *sanctorumtaxa-

9 2429 40 2498 s'.
88 2430 243 2520 Cumque
262 2429 374 2495 omnes
396 2427 476 2508 boni
504 2427 567 2508 viri
590 2423 712 2522 ubique
737 2425 919 2496 desiderent
942 2425 977 2494 in
1000 2417 1055 2496 his

9 2512 115 2583 esibus
130 2510 326 2612 corrigendis
342 2511 392 2580 vel
410 2511 650 2606 Episcoporum
666 2508 888 2610 auctqritatem
899 2563 908 2594 ,
921 2581 923 2586 ,
935 2509 985 2584 vel
1000 2509 1058 2580 di-'

10 2597 130 2670 entiam
144 2597 423 2679 concionantium,
454 2613 563 2668 tamen
588 2596 768 2682 adversarii
791 2595 896 2672 nostri
920 2595 954 2666 in
971 2622 1094 2668 cona·
1124 2669 1128 2674 ,

10 2685 137 2764 atione,
169 2682 305 2752 omnino
321 2679 527 2751 dissimulant
544 2679 640 2751 etiarn
654 2681 826 2752 manifesta
839 2679 1056 2782 vitia,‘'quasi
1136 2687 1139 2692 ’

11 2786 89 2865 epta
103 2765 344 2850 confutatione,
374 2765 477 2856 velint
499 2766 705 2854 noscugere',
737 2783 775 2836 ut
796 2768 893 2837 etiarn
917 2765 1056 2858 notissi-

12 2883 26 2924 s
45 2855 169 2923 abusus
189 2851 421 2946 approbemus.
464 2857 512 2922 Ita
529 2853 682 2922 insidiose
697 2852 818 2946 scripta
839 2869 887 2921 est
904 2851 1056 2922 conluta-

18 2964 92 3007 non
117 2951 246 3004 tanturn
269 2935 305 3004 in
329 2935 501 3019 hocloco,
531 2936 821 3030 sedsereubique.
863 2935 987 3006 Nullus
1008 2937 1059 3007 est'
1107 2951 1113 2958 '

13 3049 66 3106 rs,
96 3019 133 3088 in
153 3045 219 3114 quo
236 3021 482 3110 adogmaettus
502 3023 568 3092 suis
585 3021 769 3102 discernant
790 3019 980 3094 manifestos
995 3021 1078 3110 ‹rb-3

16 3135 47 3181 s.
93 3109 139 3184 Et
155 3120 263 3173 tamen
286 3105 373 3202 apud
393 3105 500 3200 ipsos,
528 3105 635 3202 siqui
660 3122 738 3174 sunt
761 3106 923 3192 saniores,
950 3103 1059 3174 laten·¹

14 3245 25 3278 ,
63 3187 188 3258 multas
203 3188 303 3258 falsas
317 3190 540 3284 persuasiones
557 3193 688 3264 haerere
704 3189 741 3272 in
759 3188 1060 3284 doctrinaScbola-

15 3301 117 3348 orum
136 3273 457 3358 et-Canonistarum,
480 3275 602 3358 multos
617 3283 782 3372 praeterea
797 3275 922 3344 abusus⁴
931 3273 967 3342 in
982 3291 1061 3344 tan-

15 3359 140 3442 nscitia
162 3377 194 3428 et
214 3358 413 3450 negligentia
434 3378 605 3454 pastorum
632 3366 695 3435 irre
719 3361 798 3430 sisse
821 3359 860 3434 ic
869 3355 1060 3436 Ecclesiam.

16 3473 72 3542 [ue
86 3443 181 3516 'enim
220 3443 324 3512 diuus
339 3443 403 3519 suit
421 3447 594 3529 Lutherus,
621 3447 679 3538 qui
695 3383 734 3542 de
747 3443 890 3544 publicis
903 3443 1062 3516 abusibus
1110 3503 1113 3512 .

16 3548 162 3602 reretur.
198 3547 201 3552 “
244 3528 306 3612 ulti
322 3527 408 3598 docti
425 3547 456 3598 et
471 3545 673 3624 praestantes
695 3554 758 3597 vrri
772 3528 868 3620 longe
886 3541 960 3598 ante
982 3527 1063 3600 baec
1105 3592 1114 3614 ,
1207 3597 1212 3604 .

17 3639 110 3714 pora
128 3611 381 3710 deploraverupt
395 3613 516 3684 abusus
528 3615 668 3698 Missae,
695 3614 847 3685 fiduciam
861 3611 1067 3684 observati0-'
1142 3681 1144 3686 .

18 3729 35 3768 1
53 3699 338 3780 Monasticarunr,
369 3716 582 3791 quaestuosos
596 3695 702 3769 cultus
716 3714 899 3784 sanctorum
911 3703 927 3781 ,'
944 3695 1068 3768 consu-¹

18 3809 89 3852 rem
107 3783 277 3852 doctrinae
293 3783 333 3852 de
349 3783 564 3876 poenitentia,
594 3803 693 3877 quam
708 3781 765 3850 vel
777 3787 917 3853 maxime
931 3797 1065 3878 operta

22 3866 241 3960 perspicuam
255 3882 288 3934 et
304 3865 497 3959 explicatam
516 3886 621 3940 extare
639 3867 673 3935 in
688 3866 842 3936 Ecclesia.
885 3869 951 3961 Ipsi
967 3867 1066 3936 audi-

19 3976 65 4018 us
86 3951 281 4023 excellentes
298 3949 487 4044 Theologos
508 3953 693 4023 desiderare
715 3953 851 4020 modum
872 3949 910 4036 in
924 3949 1065 4022 Schola-

20 4061 39 4107 a
60 4033 233 4119 doctrina,
266 4061 349 4127 quae
363 4039 467 4108 multo
481 4037 559 4133 plus
577 4036 676 4107 babet
689 4035 833 4105 rixarum
853 4033 1078 4134 philosophi·-

20 4147 93 4202 xm,
115 4145 223 4214 ,quam
239 4119 380 4216 pietatis.
422 4127 467 4194 Et
487 4141 596 4192 tamen
617 4119 653 4190 in
677 4120 732 4190 bis
753 4137 877 4212 ueteres
898 4121 966 4190 fere
986 4143 1068 4214 pro·

21 4232 68 4276 es
96 4209 182 4274 sunt
204 4205 402 4302 Scripturae,
429 4233 529 4301 quarn
552 4205 756 4278 recentiores.
799 4211 847 4274 lta
866 4205 972 4296 magis
994 4227 1069 4274 ma·
1105 4247 1111 4254 ·

22 4317 73 4362 ue
101 4287 318 4390 degeneravit
337 4291 483 4364 istorum.
498 4291 674 4384 theologia.
715 4292 784 4362 Nec
804 4289 869 4362 alia
890 4287 1071 4368 causaduit

783 4487 789 4497 Ι
905 4377 945 4450 Μ
