2564 4902
230 309 305 401 248
574 305 727 398 micuit,
741 303 986 382 santonici.

319 486 421 578 Quod
438 489 480 560 ad
491 479 720 560 contritionem
736 487 870 574 attinet,
890 513 965 564 cum
979 509 1080 564 neme
1092 500 1183 586 posset
1195 520 1209 543 r

233 588 366 671 peccata
381 573 486 642 suain
500 573 659 644 memoria
680 573 839 655 retinere,
868 572 1061 668 praesertim
1084 596 1138 664 pur
1155 587 1212 668 nte

235 683 357 728 annum
374 658 564 740 commissa,
588 675 739 729 centones
752 657 813 727 hos
826 659 1010 739 assuebant,
1033 655 1206 724 simenem

235 742 300 812 cati
315 741 495 812 absconditi
509 745 592 813 forte
606 760 803 826 recurreret,
825 743 929 814 etiam
938 741 1025 812 illud
1048 739 1200 810 sufficiente

236 827 366 898 tritione
387 827 572 897 debendum
592 845 624 898 et
646 829 863 900 confitendum
887 831 974 913 esse,
1001 841 1062 898 etc.
1118 829 1211 897 lateret

229 910 477 1004 ‘gratiaehumo
498 913 772 984 committebatur.
961 976 964 984 ,
1214 958 1220 979 .

323 997 409 1066 Cum
426 997 524 1070 ceiam
538 1023 634 1070 nemo
649 998 762 1084 sciret,
785 1014 908 1092 quanta
927 991 1084 1070 contritio
1104 1017 1165 1062 esse
1178 993 1211 1060 d.»

196 1143 216 1166 ,,
236 1107 322 1178 quac
339 1105 451 1152 eoram
465 1087 538 1154 Deo
551 1083 729 1167 sufficeret,
757 1083 926 1164 dicebant,
948 1085 979 1154 si
1008 1079 1085 1173 quis
1106 1081 1215 1150 conht''

236 1191 306 1236 non
327 1164 477 1248 haberet,
519 1194 595 1239 eum
617 1166 735 1240 saltem
767 1168 969 1258 attritionem
1003 1163 1127 1261 babere
1156 1189 1218 1258 ope

166 1277 169 1291 ’
236 1251 274 1322 id
297 1266 364 1336 est,
394 1248 565 1322 dimidiam
589 1252 685 1349 quasi
707 1252 955 1333 contuitionem,
986 1251 1039 1319 rel
1059 1249 1183 1340 'initium
1210 1282 1212 1305 ι

236 1334 349 1408 tionis.
398 1339 487 1407 Haec
506 1338 663 1409 vocabula
681 1337 746 1434 ipsi
768 1363 827 1408 nec
850 1334 1102 1416 intellexerunt,
1131 1325 1229 1410 occini

234 1437 337 1512 gunt,
359 1421 468 1491 minus
480 1447 579 1516 quam
596 1449 666 1508 ego.
709 1427 754 1492 Et
767 1422 890 1492 attritio
907 1421 1124 1516 reputabatur
1136 1425 1230 1513 procot

236 1505 344 1590 tione,
372 1508 574 1577 uenientibus
590 1510 632 1578 ad
644 1506 893 1581 confessionem.
970 1553 973 1560 ·
1025 1523 1028 1532 '
1230 1526 1231 1558 t

323 1595 456 1661 Etcum
472 1592 545 1685 quis
563 1591 695 1676 diceret,
717 1618 752 1662 se
767 1615 944 1686 nonposse
957 1588 1079 1660 habere
1095 1587 1232 1682 contritione

238 1702 296 1746 seu
310 1701 377 1744 non
393 1676 502 1745 dolere
519 1702 613 1770 posse
630 1679 672 1748 ob
685 1693 815 1770 peccata
828 1701 887 1748 sua
903 1682 953 1760 (ut
962 1674 1031 1744 heri
1044 1674 1152 1770 potuit
1162 1673 1189 1742 in
1199 1671 1233 1740 itt

238 1785 367 1845 amore,
388 1774 446 1830 aut
460 1761 621 1839 vindictae
640 1761 838 1857 cupiditate,
861 1759 1054 1844 etcaeteris)
1079 1757 1234 1846 interrogat,

237 1867 284 1914 au
299 1845 328 1913 is
340 1871 407 1914 non
424 1861 568 1939 optaret,
590 1861 622 1918 et
642 1863 773 1943 cuperet
786 1845 920 1918 doleret
950 1843 1188 1939 Respondenti,
1203 1855 1234 1934 ut

237 1929 609 2082 se,·ffi1uiscnim,'nisi
626 1931 695 2028 ipse
711 1931 878 2018 diabolus,
906 1945 1041 2032 negaret
1055 1955 1090 1998 se
1107 1928 1235 2023 cupereih'

238 2013 324 2108 cipro
348 2029 404 2082 ant
418 2013 480 2086 hoc
500 2041 561 2110 pro
582 2013 794 2108 co‘utritione,
822 2027 855 2088 'et
879 2015 1091 2086 remittebant
1108 2028 1236 2109 peccant

152 2145 156 2150 -
236 2113 313 2194 pter
327 2097 389 2168 hoe
401 2098 524 2178 bouum
540 2100 644 2196 ipsius
664 2127 768 2192 opus,
821 2101 886 2172 uod
904 2098 1037 2172 nomine
1058 2097 1237 2176 contritione

238 2182 372 2284 nebant.
416 2183 479 2256 Hic
491 2184 676 2276 allegabant
688 2125 873 2280 cuempiam
897 2181 1103 2282 Bernhardi,
1126 2200 1181 2254 ete.
1221 2229 1238 2276 Α

307 2268 483 2340 'Videmus
497 2287 619 2356 autem,
671 2297 747 2342 uam
764 2272 876 2366 palpet
890 2287 923 2340 et
942 2269 1058 2348 titubet
1082 2293 1175 2340 coeca
1190 2279 1238 2334 rato

237 2353 336 2425 rebus
348 2352 487 2438 divinis,
510 2297 807 2436 et‘eonsoiatiunem
823 2372 959 2448 quaerat
969 2353 1005 2424 in
1018 2329 1239 2451 propriis'opei

237 2463 300 2532 pro
325 2465 385 2508 sua
406 2441 579 2534 opinione,
615 2458 647 2512 et
662 2441 788 2512 Christi
801 2463 833 2510 et
855 2438 931 2510 helei
952 2464 1090 2536 prorsus
1113 2430 1240 2510 ohhnscti

239 2523 341 2609 Quod
360 2523 389 2593 si
405 2552 457 2593 res
472 2527 543 2618 ipsa
565 2525 735 2621 perspicue
749 2525 1001 2608 consideretur,
1031 2520 1183 2596 contritio
1199 2522 1240 2616 itt,t

237 2606 363 2693 factitia
377 2623 409 2678 ct
425 2611 535 2678 fictitia
546 2609 700 2702 cogitatio
713 2636 771 2680 seu
786 2608 978 2701 imaginatio
992 2635 1029 2680 ex
1046 2609 1186 2704 propriis
1193 2619 1240 2698 not

182 2715 186 2722 ·
237 2691 362 2787 absque
379 2693 459 2776 fide,
481 2693 604 2788 absque
621 2695 784 2785 agnitione
799 2693 944 2776 Christi,
963 2710 995 2764 et
1009 2695 1045 2764 iu
1062 2695 1127 2764 ista
1146 2707 1240 2786 conmtt

238 2775 341 2874 miser
352 2785 501 2871 peccator
515 2777 601 2850 sorte
612 2779 786 2849 recordans
809 2803 886 2850 suae
902 2778 1072 2860 flammae,
1101 2793 1134 2848 et
1149 2775 1240 2874 cuptdt't

238 2860 420 2959 vindictae,
446 2862 496 2934 vol
513 2863 640 2946 ridere,
669 2863 722 2934 vel
744 2861 945 2955 lachrymam
966 2863 1076 2956 potius
1087 2875 1240 2964 potmtfft'

237 2941 330 3043 ahud
342 2945 501 3037 cogitare,
524 2949 662 3044 exceptis
677 2949 737 3034 iis,
761 2949 818 3053 qui
833 2948 883 3018 vel
897 2947 981 3040 legis
1000 2943 1141 3019 fnlmtne
1164 2959 1229 3020 taem

236 3053 259 3097 a
273 3030 530 3128 diabolospiritu
546 3033 697 3106 tristitiae
710 3032 825 3105 asthcti
840 3031 983 3104 fuerunt.
1024 3030 1097 3116 Hir,
1115 3031 1240 3133 inquam

216 3114 362 3208 meptis,
378 3117 529 3188 contritio
543 3119 607 3189 ist-a
622 3115 841 3210 fuit'merahy
866 3117 991 3201 ocrisis,
1007 3133 1051 3186 et·
1077 3133 1173 3189 eccae
1184 3111 1240 3206 flam

160 3257 163 3265 r
235 3221 305 3300 non
317 3199 554 3294 mortificavitg
577 3207 608 3273 Ο
634 3203 831 3280 ortuitenim
842 3145 994 3274 homines
1008 3141 1132 3288 doibre,
1147 3192 1240 3272 cumbi

235 3297 302 3362 trus
316 3305 515 3380 peccassent,
539 3293 567 3359 si
586 3229 726 3361 liberum
744 3289 825 3384 ipsis
838 3288 964 3362 fuisset.

286 3394 289 3402 ·
325 3369 498 3456 Confessio
515 3373 561 3444 sie
575 3368 815 3456 instituebatur,
838 3387 876 3444 ut
887 3369 1038 3459 homines
1047 3371 1240 3474 juberenturt

182 3543 185 3550 .
235 3453 296 3522 nia
316 3477 377 3524 sua
397 3473 528 3548 peccata
557 3483 765 3546 enumerare,
801 3457 906 3550 (qood
928 3456 1018 3528 factu
1045 3450 1228 3552 rntpossibrle

215 3535 366 3610 baetin
391 3563 447 3610 ens
462 3541 650 3614 carnificina
664 3542 738 3615 tuit.
786 3547 833 3612 Et
845 3541 875 3611 si
897 3542 972 3637 quis
992 3541 1240 3639 quorundampt

90 3601 93 3610 ¹
169 3691 174 3698 ,
236 3629 382 3694 emuna
409 3623 486 3696 litus
503 3643 605 3712 essct,
635 3621 1087 3710 is'eatenus'ab‘solvebatur,
1118 3641 1240 3710 utsrnt

196 3735 199 3742 ¹
234 3707 379 3777 moriam
395 3708 455 3782 illa
470 3727 682 3796 recurrerent,
698 3735 743 3804 ⁸ea
756 3727 872 3804 postea
887 3713 1103 3784 confiteretur.
1145 3714 1240 3780 Nemo]

235 3793 533 3890 arecirepotuit,
560 3821 640 3866 num
660 3819 809 3889 unquam
832 3795 1051 3878 sufficienter,
1070 3821 1169 3890 pure,
1194 3805 1240 3860 eta

234 3876 402 3950 confessus
426 3895 525 3963 esset,
555 3897 588 3952 et
606 3883 739 3973 quando
761 3879 1072 3952 confessionisfinis
1093 3879 1240 3972 futuruso

233 3959 281 4032 Et
295 3975 404 4034 tamen
424 3963 636 4036 nibilominus
659 3965 1029 4052 ducebanturhomines
1052 3965 1095 4036 ad
1114 3979 1228 4060 propat

196 4127 202 4134 ¹
233 4067 353 4140 opera,
374 4045 500 4122 ethaeo
514 4049 695 4123 consolatio
712 4049 794 4146 ipsis
807 4051 1068 4146 proponebatnre
1090 4073 1155 4144 quo
1168 4039 1240 4143 conia*

233 4145 320 4232 estet
336 4131 469 4227 purior,
490 4135 597 4230 magis
613 4136 646 4206 in
673 4159 758 4205 euna
774 4145 806 4208 e't
821 4150 953 4232 aperta,
970 4134 1107 4236 'pudore
1128 4149 1159 4204 et
1181 4146 1240 4220 tgn⁰¹

233 4233 290 4291 nrt
304 4239 417 4302 corant
434 4221 599 4294 neuton
613 4161 771 4307 scitust,
785 4228 825 4294 ἑο
843 4218 1098 4294 numerumn
1118 4241 1176 4308 pru
1194 4229 1240 4308 pat
