2610 4900
530 69 672 126 ak.

547 137 553 152 ,

559 175 565 194 ’“
660 195 664 216 ι

515 225 519 234 ’
605 228 617 265 Ι

375 319 778 428 eateehismusmajer.
877 280 891 328 'i
930 309 965 398 ,ξ
1006 379 1011 384 -
1045 317 1120 428 397

43 525 91 574 nos
105 503 227 599 quoque
241 516 386 576 sanctum
400 502 460 586 site
483 493 532 578 ire
549 531 681 604 quoque
695 528 836 590 regnum
855 507 927 600 ejus
953 497 1041 580 tiltro
1061 531 1121 578 re·
1167 549 1169 558 ·

42 589 194 670 uit,eitra
214 607 359 678 nostram
378 595 608 685 precationem.
633 659 636 670 ,
658 590 885 663 Nihilominus
909 601 1123 686 tamenpre-
1205 641 1208 654 ·

41 699 153 757 camur,
184 690 222 774 ut
242 676 286 745 ad
309 699 370 746 nos
391 676 518 760 veniat,
550 677 595 748 idl
610 694 677 758 est,
700 678 790 762 inter
805 699 889 761 nos,
911 693 943 750 et
957 677 1046 772 apud
1059 702 1125 746 nos.

39 773 183 841 versetur,
204 766 616 859 rtautnos'quoquepar's
641 763 743 834 simus
766 786 898 844 eorum,
926 761 1013 836 inter
1035 787 1120 859 quos
1163 850 1167 860 ,

38 868 142 912 nomen
157 870 227 933 eJus
241 843 471 930 sanctificetur,
493 863 525 915 et
540 849 610 939 ejus
629 845 769 936 regnum
783 844 909 917 floreat.

111 929 200 1028 (dnld
230 945 339 1012 aulam
369 939 508 1020 regnum
536 931 602 1002 Dei
630 932 785 1002 dicitnrl
811 927 1008 1024 Responsio.
1052 929 1147 1022 Ni..¹
1193 959 1196 968 .
1267 974 1270 982 .

38 1011 78 1081 til
97 1014 199 1096 alrud,
252 1040 329 1084 nam
354 1017 443 1110 quod
469 1040 505 1088 sn
533 1041 569 1086 ra
585 1017 619 1086 in
641 1014 802 1108 Symbola
826 1009 904 1086 fidei
925 1004 1121 1100 audivinrbs,

37 1099 111 1192 quod
127 1040 355 1170 Denebilium
372 1111 470 1170 su'um
488 1042 603 1179 disum
625 1099 796 1173 Christum
819 1099 854 1168 in
877 1102 1038 1174 mundum
1052 1100 1119 1170 mi-

37 1183 113 1265 serit,
134 1195 173 1270 ut
186 1209 247 1254 nos
261 1209 280 1254 a
295 1181 430 1276 Diaboli
446 1188 592 1281 potentia
608 1203 640 1258 ct
656 1185 841 1280 captivitate
854 1185 1041 1267 redimeret,
1063 1185 1120 1253 in-
1222 1257 1223 1266 χ

37 1295 89 1362 qne
109 1267 288 1340 libertatem
304 1287 481 1353 assereret,
504 1271 590 1342 etad
606 1297 641 1340 sc
662 1271 833 1378 perductos
848 1287 1000 1358 regeret,
1015 1269 1120 1340 veluti

34 1377 81 1422 rex
92 1353 252 1444 justitiae,
274 1355 388 1437 vitae,¹
410 1353 524 1424 salutis
544 1372 576 1426 et
588 1353 755 1426 felicitatis
770 1353 924 1424 adversus
939 1372 1118 1450 peccatum,

33 1443 205 1508 mertem‘et
220 1439 341 1510 malam
363 1439 612 1512 conscientiam..
654 1441 709 1510 Ad
731 1439 821 1533 quod
843 1436 939 1507 etiam
956 1439 1119 1533 Spiritum

35 1539 166 1592 sanctum
182 1523 322 1616 largitus
336 1539 404 1605 est,
428 1522 485 1619 qui
508 1523 704 1598 talianobis
728 1524 864 1594 offerret
914 1551 949 1594 er
969 1541 1120 1608 sanctum
1157 1583 1161 1607 ,

33 1609 155 1678 verbum
172 1634 289 1696 suum,
311 1635 372 1706 per
396 1635 435 1678 ue
450 1609 604 1682 virtutem
617 1633 710 1680 suam
725 1634 785 1677 nos
805 1607 841 1677 in
864 1551 927 1677 fide
946 1606 1118 1698 illumina-¹

33 1710 73 1762 ret
86 1692 324 1786 esset-titienses.
367 1635 454 1764 dam
478 1695 605 1764 obrem
625 1694 677 1768 hic
700 1693 1059 1790 primum'precamur,
1081 1709 1119 1764 ut
1193 1739 1195 1746 ,

32 1775 74 1861 it,
95 1781 187 1872 ‚quod
202 1777 352 1850 Christus
366 1777 461 1850 nobis
472 1777 681 1874 impetravit,
710 1803 728 1850 a
754 1779 805 1848 nd
820 1803 881 1848 nos
904 1779 962 1848 fiat
983 1777 1116 1862 efficax,
1190 1819 1193 1827 ,

32 1866 140 1955 atejus
155 1887 276 1934 nomen
291 1862 471 1934 celebretur
484 1872 546 1957 'per
564 1882 713 1936 sanctum
730 1804 795 1934 bei
812 1863 959 1945 verbum'
969 1879 1001 1934 et
1014 1862 1118 1932 vitam

30 1947 75 2041 pie
90 1947 306 2041 etcbristiane
322 1947 516 2038 institutam,
539 1966 571 2019 ct
587 1963 623 2018 ut
635 1975 713 2033 nos,
737 1949 795 2045 qui
808 1949 991 2052 accepimus
999 1946 1013 2031 ,‘
1030 1947 1117 2016 illud
1213 1975 1219 1983 ·

31 2049 200 2105 constanter
215 2032 430 2133 retineamus,
441 2049 480 2104 ‘et
493 2034 640 2127 quotidie
656 2033 691 2104 in
706 2049 744 2106 eo
760 2058 954 2118 crescamus,
975 2057 1013 2106 ac
1028 2030 1135 2102 idem·
1229 2086 1234 2104 .

31 2119 64 2188 ab
78 2118 149 2188 aliis
164 2118 315 2188 certatim
328 2134 522 2212 ampratur,
546 2135 579 2188 et
594 2135 743 2224 pote-nter
754 2119 988 2213 per‘mundum
1005 2117 1117 2187 domi-
1158 2167 1161 2174 ·

29 2219 131 2286 netur,
151 2221 189 2273 ut
203 2203 303 2274 multi
317 2206 360 2290 ad
375 2229 512 2292 regnum
528 2221 651 2304 prateae
667 2202 859 2298 perveniant
881 2219 913 2272 et
934 2202 1116 2273 redemtio-

29 2287 159 2358 nisliant
175 2287 366 2383 participes,
388 2293 483 2382 perS
509 2288 621 2358 irrtum
640 2287 953 2385 sanctumadducri,
980 2304 1017 2356 ut
1041 2313 1128 2365 om-‚
1180 2358 1183 2371 ,
1213 2317 1214 2324 ¹

13 2395 77 2460 nes
95 2373 129 2442 in
152 2375 257 2464 hujus
275 2373 360 2463 regis
380 2313 549 2464 regnobic
560 2371 724 2455 inchoato,
741 2386 900 2466 perpetuo
915 2395 1117 2443 maneamus.

103 2459 430 2554 Siquidem'regnum
443 2457 506 2530 Dei
521 2456 647 2552 duplici
661 2463 789 2528 ratione
804 2456 847 2538 ed
861 2482 922 2526 nos
934 2453 1045 2526 venire
1061 2455 1117 2526 di-

29 2540 113 2627 citur,
133 2543 356 2615 semelinboc
369 2543 492 2614 mundo
508 2541 798 2638 temporaliterper
811 2542 949 2612 verbum
962 2543 1117 2645 etfrdem,

29 2628 135 2700 deinde
148 2629 374 2713 aeternaliter,
397 2644 434 2712 et
448 2627 510 2700 boc
526 2654 587 2723 per
601 2627 846 2698 revelationem.
888 2633 965 2697 Jam
983 2644 1116 2718 utrum·
1174 2675 1176 2686 .

28 2739 84 2806 que
107 2715 172 2784 hoc'
193 2739 389 2809 precamur,
415 2728 506 2784 utet
528 2713 571 2784 ad
593 2737 650 2782 cos
672 2713 801 2797 veniat,
831 2711 889 2816 qui
908 2711 1115 2795 nondnm'in

27 2824 61 2868 ee
81 2806 267 2882 vorsantur,
290 2815 322 2870 et
338 2798 383 2868 ad
397 2823 478 2881 nos,
505 2796 563 2892 qui
582 2796 665 2871 illud
685 2813 850 2870 consecute
870 2823 1117 2892 sumus,lquoa
1195 2825 1213 2878 χ
1275 2801 1276 2806 ’

27 2883 150 2954 tidiauis
175 2882 384 2956 incrementis
407 2888 560 2965 auctum,
600 2881 686 2958 etin
714 2885 834 2952 futuro
847 2879 882 2951 in
898 2883 977 2954 ss'vita
1007 2900 1115 2952 acter-

27 2992 63 3037 na
77 2987 106 3039 et
117 2969 300 3040 immortali
314 2968 617 3040 consummandum.
640 2972 767 3036 Horum
783 2962 1115 3050 omniumnonalius‚
1146 2995 1149 3020 ι
1192 3017 1194 3028 ,

25 3077 116 3147 quam
130 3054 182 3128 hic
200 3080 313 3124 sensus
338 3070 399 3124 este
424 3052 569 3123 eoelestis
584 3076 622 3122 ac
638 3053 845 3150 omnipotens
855 3057 970 3134 Pater,
998 3075 1114 3146 preca-

26 3161 92 3206 mur
107 3158 155 3222 te,
177 3158 215 3210 ut
228 3140 324 3209 nobis
340 3138 437 3209 initio
451 3155 543 3208 tuum
558 3136 696 3207 verbum
712 3136 880 3230 empertire
895 3133 1053 3227 digneris,
1071 3148 1116 3206 'ut
1196 3149 1220 3216 ι,

25 3222 234 3316 Evangelinrn
244 3251 326 3319 pure
339 3249 378 3302 ec
391 3223 512 3296 sineere
525 3247 586 3315 per
596 3223 762 3296 mundum,
796 3217 987 3298 medicetur.
1006 3220 1114 3294 Dein·
1188 3259 1190 3265 ι

26 3307 77 3391 de,
98 3327 132 3380 ut
148 3337 208 3406 per
220 3311 463 3403 fidemquoque
479 3323 664 3406 susceptum
676 3309 711 3374 in
723 3249 819 3378 nobis
842 3309 991 3400 operetur
1007 3332 1045 3379 ac
1057 3306 1113 3398 ‚Vl'f
1243 3341 1245 3348 ·

14 3409 90 3478 rat,
111 3413 147 3466 ut
160 3397 206 3466 ita
219 3421 357 3485 regnum
377 3409 469 3463 tuum
486 3408 572 3460 rnter
586 3417 646 3462 nos
662 3410 807 3464 erectum
828 3396 937 3480 vigeat
955 3415 1016 3485 per
1036 3417 1113 3461 ver-

24 3475 93 3546 bum
108 3505 143 3550 ac
155 3479 309 3550 virtutem
321 3476 465 3573 Spiritus
480 3478 591 3566 sancti,
602 3492 641 3573 ut
655 3501 792 3574 regnum
805 3475 1115 3547 Diabolialtolitum

23 3584 148 3653 prorsus
169 3564 367 3660 extirpetur,
389 3588 431 3630 ne
452 3559 532 3655 qnid
545 3564 628 3652 jures
653 3578 709 3636 eut
731 3561 900 3654 potestatis
922 3561 976 3630 isti
991 3564 1025 3631 in
1051 3587 1112 3634 nos
1139 3648 1141 3657 Ι
1254 3599 1276 3642 μ

23 3644 239 3744 relinquatur,
275 3649 379 3718 donec
402 3671 537 3748 prorsus
564 3645 780 3727 submersum,
801 3644 920 3727 fuerit,
953 3644 1113 3741 peccatis,
1140 3699 1143 3706 Δ

22 3751 119 3803 morte
134 3752 167 3804 et
183 3758 259 3804 orco
280 3733 450 3818 extinctrs,
481 3747 520 3799 ut
542 3739 603 3798 nos'
620 3747 779 3826 perpetuo
796 3728 833 3828 in
851 3729 997 3828 perfecta
1011 3730 1112 3828 justi-

22 3817 61 3884 tia
75 3845 110 3890 ac
127 3819 283 3896 felicitate
298 3816 458 3891 vivamus.
717 3821 719 3828 ⁴
799 3823 801 3834 '
920 3869 921 3877 ,
1146 3823 1148 3832 “
1240 3893 1244 3904 .

98 3909 148 3974 Ex
173 3904 225 3976 bis
247 3901 416 3986 omnibus,
444 3898 552 3984 rides,
580 3919 640 3969 nos
661 3897 724 3970 boe
745 3898 818 3972 loco
841 3928 909 3993 non
929 3927 990 3995 pro
1004 3899 1111 3970 frusto
1127 3983 1131 3992 ὦ

22 3989 125 4078 panis,
148 4006 205 4060 aut
226 4015 262 4058 re
276 3986 388 4082 aliqua
411 3983 586 4091 temporali
609 4001 642 4054 et
663 3981 860 4056 transitoria
882 3984 1025 4080 precari,
1053 3987 1112 4069 sed
1139 4065 1141 4070 ,

22 4095 77 4164 pro
92 4091 227 4144 aeterno⁴
237 4072 415 4154 thesauro„
435 4095 527 4162 cujus
543 4069 683 4164 pretium
699 4087 747 4140 est
760 4070 1007 4152 inaestimabile,
1030 4071 1110 4158 bre„-

21 4155 113 4242 riter,
129 4170 196 4262 pro
212 4157 364 4231 omnihus
377 4157 439 4239 iis,
459 4179 542 4250 quae
559 4159 649 4223 oeus
663 4153 732 4248 ipse
747 4155 901 4251 possidet,
925 4177 1009 4247 quac
1022 4153 1111 4224 mul.
1245 4233 1249 4242 Ι

22 4253 52 4311 to
73 4267 199 4340 majore
217 4253 309 4331 sunt,
340 4255 450 4336 quam
470 4255 508 4344 ut
524 4237 632 4314 homo
646 4241 758 4322 animo
781 4239 951 4344 concipere
976 4239 1110 4312 auderet
