2618 4902
299 427 304 438 .
403 359 662 448 confessionis.
992 335 1080 465 f97

5 575 78 633 sse,
107 549 242 644 dignam
266 635 269 641 Ι
296 551 361 619 acia
381 551 493 639 etrite
512 567 660 634 aeterna,
680 538 685 547 ⁸
726 574 760 620 m
778 567 887 623 tamen
906 548 962 650 pix
975 547 1082 638 inibe·
1161 628 1166 638 ,

5 637 76 705 illis
92 636 256 726 etexigua
284 639 351 734 epis
368 634 520 730 impletio
534 637 683 728 continge
703 637 810 705 'o'tiam
827 651 954 705 sanctis.

73 721 199 788 Verum
212 720 238 786 si
254 742 327 814 qms
343 720 517 811 cogitabit,
543 720 763 806 Evangelinm
786 735 942 790 non'esse
959 719 1086 792 frustra

5 813 102 879 Latum
118 805 261 896 mundo,
286 801 455 878 Christum
470 832 536 875 non
553 831 621 884 esso
637 804 757 874 frustra
778 809 994 899 promissum,
1024 832 1096 874 eu-¹

5 892 153 971 lihitum,
178 905 309 970 natum,
330 913 488 988 passum,
517 890 765 971 resuscitatum,
791 883 1083 988 facillimeinltelli-

5 978 55 1058 it,
85 999 145 1042 uos
161 999 227 1042 uon
242 999 278 1039 ex
293 988 422 1042 rat10ne
437 989 493 1042 ant
508 972 578 1062 lege
596 965 774 1065 justificari.
816 979 888 1044 Nos
906 973 918 1042 i
942 974 1008 1064 itur
1023 1000 1085 1043 co·
1147 1003 1152 1020 ⁴

5 1043 413 1149 gimursde‘justilicatione
435 1057 662 1128 dissentire'ab
684 1059 886 1129 adversariis.
961 1083 1085 1150 vange-

5 1145 76 1212 ium
104 1139 317 1238 enimalium
338 1143 474 1212 modum
501 1143 657 1226 ostendit,
690 1142 904 1244 Evangelinm
926 1141 1086 1234 cogitati

5 1228 127 1298 Ihristo
143 1225 177 1294 in
189 1225 443 1316 justificatione,
466 1228 575 1314 docet,
607 1228 695 1320 qnod
708 1245 767 1317 per
782 1253 890 1332 ipsum
906 1227 1086 1296 habeamus
1111 1285 1115 1292 .

5 1327 155 1384 recessum
165 1313 214 1389 ad
227 1315 334 1381 Deum
349 1312 538 1405 perfidem,
562 1312 676 1394 docet,
696 1313 783 1406 quod
800 1337 907 1404 ipsum
922 1311 1092 1382 mediato-.
1202 1391 1204 1402 Ι

6 1424 62 1468 cm
87 1411 119 1465 et
165 1394 387 1490 ropitiatorem
410 1397 585 1466 debeamus
606 1422 772 1491 opponere
791 1397 858 1464 irae
881 1397 962 1480 Dei,
993 1399 1087 1466 docet
1114 1465 1121 1475 ,

5 1486 55 1552 ide
71 1483 105 1549 in
122 1422 291 1553 dhristum
305 1479 407 1576 accipi
420 1480 644 1550 remissionem
661 1497 882 1576 peccatorum,
911 1495 943 1550 et
968 1506 1085 1550 recon-

7 1567 213 1646 iliationem,
232 1564 362 1634 etvinci
379 1579 519 1640 'terrores
536 1564 658 1660 peccati
674 1573 705 1634 e‘t
719 1566 845 1634 mortis.
887 1571 936 1634 lta
952 1583 983 1634 et
996 1571 1087 1634 Part-

5 1677 47 1722 us
62 1651 130 1720 aitr.
152 1648 320 1718 Justitiam
335 1674 403 1718 esse
413 1675 485 1717 non
500 1649 640 1741 exlege,
667 1650 724 1718 sed
741 1675 779 1726 ex
794 1649 1023 1743 promissione,
1051 1648 1088 1718 in

5 1761 60 1832 [ua
77 1734 228 1828 promisit
240 1750 349 1828 pater,
372 1735 462 1826 qnod
477 1733 557 1804 ‘velit
570 1737 756 1825 ignoscere,
779 1733 869 1828 qnod
883 1734 959 1804 velit
969 1759 1088 1803 rocon-

5 1818 104 1890 :iliari
119 1835 255 1913 propter
264 1817 452 1909 Christum.
494 1823 581 1888 Hace
602 1833 711 1888 antem
730 1816 905 1912 promissio
928 1817 999 1888 sola
1024 1819 1091 1893 fide

5 1905 171 1996 recipitur,
193 1920 229 1972 ut
243 1919 376 1974 testatur
392 1901 513 1972 Paulus
534 1903 577 1972 ad
591 1907 688 1972 Rom.
711 1927 780 1997 cap.
798 1908 857 1972 lV.
899 1908 988 1972 llaec
1004 1903 1107 1988 lidos,

9 1988 68 2058 ola
83 1987 198 2081 accipit
210 1985 436 2056 remissionem
450 2004 675 2082 peccatorum,
705 1988 895 2079 justificatet
907 2004 1090 2074 regenerat.

5 2075 122 2144 )einde
140 2071 289 2166 sequitur
304 2071 451 2152 dilectio,
479 2089 511 2141 ct
530 2071 746 2152 caeteri-honi
770 2071 904 2142 fructus.
946 2073 1002 2142 Sic
1022 2072 1089 2164 igi·-
1132 2141 1140 2156 „

5 2185 51 2227 ur
73 2159 224 2240 docemus
245 2155 412 2224 hominem
433 2156 618 2248 justificari,
650 2173 686 2224 ut
707 2182 805 2256 suprp
828 2155 985 2237 diximus,
1014 2183 1091 2228 cunt

5 2243 193 2319 :onscientia
220 2241 332 2309 territa
353 2239 594 2334 praedicatione
621 2255 855 2336 poenitentiae,
895 2240 1033 2331 erigitur
1056 2257 1091 2312 et
1171 2247 1205 2309 ’τ

5 2327 100 2396 fredit
120 2350 154 2394 se
175 2323 293 2394 habere
311 2330 420 2394 Deum
442 2324 603 2416 placatum
648 2341 760 2420 ropter
779 2325 958 2394 Christum.
1002 2329 1091 2394 Haec
1159 2359 1162 2366 ·

5 2413 78 2480 ides
94 2411 138 2478 im
165 2408 615 2502 ntpturprojnstitiacoram
661 2435 717 2490 eo,
738 2415 835 2479 Rom.
850 2411 907 2478 IV.
947 2414 1092 2480 Etcum
1176 2487 1182 2500 ..
1238 2413 1240 2420 '

6 2523 62 2566 roc
79 2435 179 2563 modo
198 2519 254 2562 cor
269 2493 406 2584 origitur
420 2503 457 2566 et'
475 2493 659 2562 vivificatur
680 2495 754 2576 lide,
778 2493 918 2588 concipit
931 2495 1092 2588 Spiritum
1106 2508 1112 2518 ’

6 2597 163 2662 unctum,
193 2577 251 2682 esui
269 2595 405 2652 cenovnt
430 2603 509 2660 uos,
538 2595 574 2648 nt
595 2578 700 2675 legem
722 2578 829 2648 lacere
845 2579 1026 2676 possimus,
1055 2594 1093 2650 ut

7 2665 162 2737 ›ossimus
179 2663 316 2756 diligere
328 2666 457 2748 Deum,
484 2663 619 2734 rerhutn
634 2664 715 2750 Dei,
743 2663 875 2734 ohcdire
896 2667 968 2732 Deo
989 2663 1093 2738 lnaf-
1196 2667 1204 2690 ²
1253 2669 1257 2678 '

7 2747 218 2830 lictionihus,
247 2764 290 2832 ,ut
318 2747 483 2843 possimus
513 2773 582 2817 esse
601 2747 706 2832 casti,
741 2748 800 2817 dili
825 2775 877 2818 ere
906 2749 1094 2842 proximum

7 2856 59 2908 rte.
104 2839 193 2903 Haec
210 2855 326 2928 opera,
358 2833 417 2910 etsi
434 2822 575 2902 adhuca
616 2833 790 2904 erfectione
802 2775 888 2922 legis
902 2832 1016 2927 procul
1032 2835 1095 2903 ahss

8 2923 87 3002 tint,
118 2935 225 2986 tanton
245 2916 374 3011 placent
393 2934 531 3014 propter
554 2919 575 2986 fi
601 2945 672 2999 ern,
709 2941 773 3012 qua
796 2917 875 3010 justi
894 2933 1097 3014 reputamur,

8 3003 82 3158 buia
119 3002 291 3069 credimus.
312 3025 374 3070 nos
408 3018 546 3097 propter
580 3001 752 3071 Christum
786 3001 903 3073 hahere
930 3001 1124 3097 placatum·
1179 3015 1196 3066 Ἀ
1280 3027 1287 3034 ·

37 3093 127 3155 eum.¹
166 3082 367 3176 Haecplana
386 3104 479 3170 sunt,
510 3103 541 3154 et
563 3081 747 3180 Evairgelio
767 3102 998 3169 consentanea,
1030 3102 1098 3155 cta

9 3171 95 3244 sanis
105 3169 245 3258 intelligi
259 3185 408 3263 possunt.
431 3174 476 3238 Et
490 3197 528 3237 ex
542 3169 605 3240 hoc
620 3171 835 3240 fundamento
848 3169 1099 3262 facile'jndicari
1197 3245 1209 3254 ,

9 3272 128 3338 intest,
160 3279 261 3350 qnare
293 3253 370 3322 ttdei
395 3253 574 3324 tribuamus
604 3254 884 3345 justificationem,
916 3280 982 3325 non
1011 3254 1114 3324 dile-'

10 3339 125 3424 :tiout,
148 3339 209 3416 etsi
222 3333 356 3408 dilectio
378 3335 485 3406 fidem.
500 3338 664 3432 sequitur,
687 3339 780 3434 quia
801 3338 938 3416 dilectio
961 3356 1011 3408 est
1031 3343 1100 3407 im-

10 3425 105 3499 ›letio
149 3423 247 3516 tegis.
298 3428 342 3492 At
383 3422 509 3492 Paulus
549 3426 667 3505 docet,
719 3449 778 3507 nos
822 3450 889 3494 non
929 3449 969 3493 ex
1008 3423 1101 3518 lege,

10 3513 60 3582 {ed
75 3537 112 3579 cx
129 3507 345 3604 promissione
368 3506 559 3599 justificari,
591 3525 816 3602 qnae-tantum
845 3511 908 3586 fide
929 3508 1103 3603 accipitur.

11 3605 120 3688 >leque
135 3587 222 3663 enim
238 3591 420 3664 accedimus
439 3593 485 3698 pd
507 3596 632 3675 Deum,
657 3592 727 3662 sine
749 3594 927 3665 mediatore
955 3591 1101 3678 Christo,
1155 3617 1156 3620 ’
1189 3645 1190 3650 η

11 3707 109 3772 reque
127 3679 302 3772 accipimus
321 3677 547 3754 remissionem
569 3695 775 3771 peccatorum
791 3695 1103 3784 propteruostrant

11 3763 224 3860 lilectionem,
245 3763 303 3849 sed
317 3775 452 3856 propter
470 3762 649 3832 Christum.
693 3769 742 3833 Ae
758 3787 799 3832 ne
814 3763 950 3855 dihgere
967 3760 1103 3856 q'uidem

12 3873 178 3920 >ossumus
192 3864 314 3916 tratum
329 3851 457 3930 Deum,
489 3857 521 3916 et
535 3846 587 3916 lex
608 3865 879 3946 sempcrpccusat
900 3872 982 3929 nos,
1011 3873 1102 3918 sem·
1230 3833 1236 3844 ⁸

12 3939 67 4005 'rer
84 3932 224 4024 ostendit
235 3931 356 4002 iratum
370 3935 489 4004 Deum.
530 3935 668 4003 Necesse
683 3947 731 4000 est
745 3931 849 4020 igitur
861 3957 921 4007 nos
935 3931 1024 4026 prius
1039 3933 1104 4002 fide

13 4015 249 4114 tpprchendere
265 4015 533 4114 promissionem,
551 4018 651 4108 *quod
666 4033 803 4120 propter
820 4015 989 4086 Christum
1004 4020 1119 4086 Pater

13 4109 48 4172 tit
71 4100 239 4195 placatus,
263 4116 335 4174 ⁴etr
384 4116 483 4170 oscat.
523 4106 640 4190 Postea
664 4127 727 4170 met
753 4125 837 4170 rmus
859 4100 966 4201 legem
985 4100 1105 4182 facere.
1170 4114 1178 4125 “
1221 4123 1226 4131 ·
1259 4097 1264 4108 ’

13 4185 127 4260 ‚³rocul
151 4209 169 4252 a
195 4183 320 4254 ratione
367 4209 503 4266 umana,
533 4184 697 4280 procula
750 4185 818 4253 oisc
841 4185 1007 4276 rejiciendi
1028 4199 1105 4254 suut
1203 4253 1208 4264 ,
1246 4251 1249 4260 ,

14 4271 92 4344 »culi
110 4271 147 4340 in
161 4267 351 4358 Christum,
373 4287 406 4344 et
419 4270 639 4360 sentiendum,
661 4271 752 4365 quod
779 4269 930 4376 Christus
952 4269 996 4424 pp
1010 4267 1106 4339 nohis
