2610 4892
349 325 600 440 catechismus
616 329 757 428 major.
933 403 937 436 ι
978 335 981 351 “
1010 318 1129 417 ἰιαὸν

18 523 133 602 ctorem
154 495 188 576 in
211 506 323 610 torris,
350 509 435 578 adde
459 506 556 594 etiam
581 504 694 578 nullus
715 505 919 597 Angelorum
932 506 968 576 in
991 505 1102 592 coelis,

19 617 124 684 panem
140 607 175 670 et
186 592 296 676 vinum
311 620 346 662 ιιι
362 591 486 664 Christi
506 617 623 686 corpus
639 607 671 662 et
683 593 872 682 sanguinem
888 606 1011 664 vertere
1024 609 1103 688 pot·
1192 667 1195 672 ,

19 693 76 754 est;
97 677 139 746 ita
152 703 282 772 quoque
295 703 393 748 nemo
406 677 503 747 aliter
518 681 623 748 facere
636 695 693 746 aut
709 680 881 771 immutare
897 694 974 772 pote
995 691 1017 764 t,
1040 676 1102 748 etsi
1147 694 1149 704 ’

19 761 72 829 hoc
88 767 294 844 Sacramento
307 760 530 854 indignissime
551 764 715 834 abutatur.
758 769 843 832 Nam
866 706 1002 856 propted

19 870 105 914 sonae
119 847 342 938 indignitatem
355 857 414 917 a'ut
428 845 688 936 incredulitatem
705 849 842 918 verbum
854 874 918 932 non
930 852 965 919 iit
979 848 1102 918 salsum

19 947 67 998 aot
84 932 228 1016 irritum,
257 959 317 1027 per
334 935 427 1088 pund
452 937 697 1032 Sacramentum
717 933 837 1004 factum
862 949 895 1004 et
917 933 1103 1002 institutum
1144 980 1166 992 ,-

18 1032 89 1084 est‘
104 1022 218 1110 Neque
235 1019 323 1086 enirn
359 1017 430 1088 icit:
461 1017 591 1112 quando
602 1017 803 1088 credideritis
818 1035 875 1090 aut
891 1018 980 1110 digni
997 1019 1103 1108 fueri·
1131 1090 1133 1096 ,

19 1098 69 1180 tis,
91 1118 157 1170 tum
177 1127 294 1195 corpus
310 1102 541 1194 etsanguiuem
557 1127 666 1174 meum
678 1101 848 1185 habebitis,
872 1107 938 1186 sed,
958 1103 1102 1198 accipite,

19 1185 116 1268 odite,
137 1186 259 1266 bibite,
281 1186 344 1258 hoc
358 1205 536 1288 estucorpus
551 1197 680 1268 merim,
710 1205 741 1257 et
755 1191 889 1276 sanguis
914 1215 1015 1259 meus.
1038 1225 1043 1238 ·
1060 1193 1121 1286 Et

1024 787 1127 860 P‘s‘..
1173 847 1176 854 .
1257 781 1262 788 ’

19 1268 146 1354 iterum,
170 1272 232 1340 hoc
246 1275 357 1354 facite‘,
386 1273 542 1350 Ιιιιίιιῐιιιιιι
560 1270 649 1370 quod
668 1297 727 1360 ego
744 1272 929 1364 jamdacio,
950 1273 1103 1358 instituo,
1195 1323 1199 1335 ·
1234 1312 1236 1324 ·

19 1355 100 1424 vobis
126 1357 287 1426 edendum
312 1373 343 1428 et
358 1359 534 1427 hibendum
557 1381 703 1450 porrigo.
756 1363 825 1426 Hoc
847 1360 981 1450 perinde
1004 1363 1103 1444 ualet,
1187 1407 1191 1419 ι

19 1443 89 1508 acsi
104 1440 252 1512 dixisset:
282 1441 350 1512 sive
372 1443 488 1533 dignus
504 1441 571 1512 sive
589 1443 742 1530 indignus
756 1442 874 1526 fueris,
906 1443 959 1512 hic
984 1469 1116 1537 corpus
1183 1461 1186 1472 ·

19 1525 242 1617 etsanguinem
264 1553 375 1596 meum
398 1525 639 1610 habeshornm
660 1528 835 1606 verborum
858 1527 996 1611 virtute,
1044 1554 1104 1598 rrae
1147 1547 1149 1554 '
1182 1533 1186 1543 '
1261 1559 1264 1568 ¹

20 1610 87 1702 paui
104 1636 140 1680 ac
158 1614 235 1680 vino
251 1613 378 1702 adjecta
394 1628 478 1682 suut.
519 1616 588 1680 Hoc
602 1610 712 1686 animo
729 1611 939 1702 reconditum
953 1613 1005 1692 [ac
1020 1555 1105 1682 dili-

19 1711 121 1780 genter
136 1721 315 1767 conserves.
354 1703 396 1771 ,ln
419 1695 573 1764 hisenim
592 1697 813 1776 verbisomue
835 1714 982 1768 nostrum
1006 1723 1106 1794 prae·
1137 1765 1140 1778 ι
1175 1697 1178 1706 ’

21 1778 144 1865 sidium,
163 1781 264 1860 tutela
281 1798 313 1850 et
326 1780 546 1879 propugnatio
558 1781 712 1850 adversus
733 1779 992 1870 omnesillorurie
1012 1810 1106 1852 erro·
1199 1805 1201 1812 ’

19 1889 62 1929 res
83 1883 113 1936 ct
132 1865 350 1947 seductiones,
390 1891 600 1962 quaecunque
622 1866 673 1935 vel
700 1884 826 1936 exortae
849 1885 927 1954 supt
948 1893 1105 1963 uuquam,

19 1948 63 2019 vel
76 1950 223 2042 deinceps
240 1949 347 2021 adhuc
360 1952 479 2022 exoriri
499 1967 651 2045 possunt,
674 1954 736 2020 sita
751 1969 836 2022 suut.
1000 2009 1004 2020 .
1026 2015 1030 2031 ,
1109 2003 1112 2010 .
1178 1966 1179 1970 ’

96 2042 144 2106 lta
168 2035 327 2112 hahemus
343 2036 487 2106 ¹breviter
515 2037 655 2129 primam
674 2053 817 2128 partem,
858 2039 897 2107 de
923 2039 1106 2112 substantia

21 2143 128 2214 nempe
141 2113 357 2196 Sacramenti.
405 2128 501 2190 Nunc
523 2148 622 2214 porro
647 2121 813 2190 videamus
839 2139 871 2191 et
892 2125 1046 2194 virtutem
1069 2151 1108 2196 ac

21 2204 191 2284 utilitatem
206 2209 294 2296 ejus,
315 2208 408 2296 cujus
431 2204 537 2295 gratia
550 2205 758 2308 potissimum
781 2211 1028 2278 Sacramentum
1044 2211 1108 2280 hoc
1160 2291 1162 2296 ,

21 2286 196 2360 institutum
210 2307 275 2374 est,
298 2295 456 2386 quodque.
476 2299 621 2360 omnium
643 2293 783 2360 maximo
800 2291 834 2360 in
856 2318 894 2362 eo
921 2310 969 2363 est
998 2321 1108 2366 neces·
1135 2329 1139 2334 ’

20 2377 151 2458 sarium,
175 2392 214 2448 ut
229 2375 488 2468 sciamus‚,quid
513 2374 565 2444 hic
588 2375 681 2443 nohis
699 2377 937 2466 quaerendum,
968 2377 1109 2473 indeque
1174 2379 1178 2387 ’

21 2459 224 2530 auferendum
243 2464 293 2532 sit.
336 2462 401 2532 Sed
417 2477 448 2530 ot
460 2459 526 2530 ¹hoc
540 2461 636 2529 valde
651 2461 857 2554 perspicuum
883 2479 931 2532 cst
948 2479 979 2532 et
993 2465 1108 2554 cogni·
1189 2523 1192 2530 ι

7 2557 50 2610 λιιι
64 2544 180 2634 facile,
205 2573 244 2616 ex
265 2547 381 2628 iisdem
407 2570 506 2636 supra
527 2543 714 2614 memoratis
737 2547 861 2614 verbis:
886 2553 956 2618 Hoc
973 2567 1019 2618 est
1033 2577 1109 2619 cor·
1158 2586 1163 2605 ι

23 2653 77 2725 pus
93 2659 202 2700 meum
219 2648 250 2700 et
264 2631 395 2720 sanguis
411 2641 519 2714 meus,
542 2631 630 2724 quod
645 2657 707 2725 pro
722 2629 813 2700 suebis
830 2633 926 2700 datur
948 2650 982 2714 et
994 2635 1117 2704 cisun—r
1162 2641 1164 2645 ’
1199 2641 1206 2670 “·

24 2715 101 2782 duur
114 2718 149 2784 in
164 2715 387 2784 remissionem
430 2725 620 2784 occatormn'.
669 2721 797 2786 Horum
814 2719 987 2790 verborum
1001 2718 1110 2790 brevi-

24 2812 67 2864 ter
85 2802 136 2870 hic
158 2819 207 2872 est
237 2826 370 2870 sensus:
400 2743 477 2870 idco
501 2805 541 2867 ad
570 2804 818 2872 Sacramentum
840 2804 1037 2888 accedimus,
1075 2821 1112 2874 ut

24 2884 180 2970 ejusmodi
206 2885 393 2955 thesaurum
415 2886 462 2954 ibi
488 2885 705 2978 accipiamus,
737 2912 913 2980 perquem
937 2889 1023 2956 otiu
1046 2915 1112 2980 quo

8 2979 219 3058 ¹peccatorum
234 2975 459 3056 remissiduem
475 2990 729 3063 consequamur:
775 2973 887 3058 Quare
913 2969 995 3040 hoc?
1024 2975 1110 3057 Ideo,

25 3059 105 3144 quod
120 3059 218 3130 verba
235 3056 476 3142 illieextantet
489 3057 570 3124 haee
590 3055 672 3121 dant'
692 3053 795 3143 nobis.
838 3057 1008 3150 Siquidem
1032 3083 1112 3152 pro·
1170 3059 1174 3072 ¹

47 3157 160 3210 tereaa
183 3140 322 3212 Christo
332 3141 448 3232 jubeor
470 3143 565 3208 edc'rc
580 3156 611 3208 et
625 3137 756 3223 bibero,
777 3155 814 3206 ut
830 3166 941 3210 meum
961 3142 1022 3230 sit,
1047 3143 1113 3211 mi-

23 3162 115 3320 dique
136 3225 309 3296 utilitatem
330 3227 470 3314 afferat,
499 3224 602 3294 veluti
616 3241 740 3294 certum
761 3223 880 3324 pignus
905 3242 943 3310 et
959 3228 1112 3312 arrhabo,
1130 3247 1140 3274 -·
1185 3237 1188 3244 “

23 3307 86 3380 iuro
97 3311 206 3406 potius
221 3337 272 3378 ros
287 3310 374 3405 ipsa,
404 3337 503 3404 quam
514 3335 578 3402 pro
594 3310 974 3412 peccatis·me1s„1norte
990 3319 1021 3382 et
1038 3338 1113 3386 om·-

25 3396 115 3466 nihus
128 3395 225 3474 malis
241 3395 299 3464 ille
315 3397 468 3488 opposuit
483 3411 514 3463 et
528 3396 764 3486 oppignoravit.
942 3414 945 3422 '
970 3473 975 3480 ‚
999 3407 1001 3411 ’
1025 3463 1027 3470 ,

103 3483 275 3570 lnde‘ju'r'e
289 3482 417 3573 optimo
434 3477 525 3548 cibus
544 3480 672 3549 animae
696 3478 829 3564 dicitur,
860 3505 981 3561 novum
1003 3479 1125 3561 homi-,
1210 3495 1214 3504 “

25 3589 95 3636 nem
118 3568 325 3660 alensatquc
347 3566 548 3644 fortificans.¹
592 3569 658 3634 Per
681 3563 889 3664 Baptismum
911 3566 999 3634 enim
1020 3567 1114 3638 initio
1202 3617 1209 3626 s
1249 3601 1252 3608 ·

24 3676 267 3740 regeneramur,
303 3677 415 3718 verum
440 3645 656 3738 nihilomiuus
681 3667 748 3718 ann
776 3675 816 3718 un
837 3668 869 3721 et
892 3648 1008 3721 vitiosa
1031 3655 1117 3722 eutis

27 3739 128 3826 carnis
141 3755 174 3807 et
190 3735 358 3834 sanguipis
375 3733 529 3804 adhaeret
549 3732 687 3804 homini.
746 3677 823 3802 dam
839 3735 898 3804 =hic
917 3736 1022 3807 multa
1043 3755 1119 3808 sunt
1169 3751 1172 3758 “

21 3818 66 3894 im
91 3822 254 3892 edimenta
267 3819 598 3916 et1mpugnationcs‘,
614 3819 740 3918 fluibus
757 3845 831 3890 curn
845 3823 1024 3907 inmundo,
1048 3839 1118 3894 tum

26 3849 199 3978 aliiabolo
217 3906 372 3976 acerrime
387 3903 592 3986 infestamur,
615 3922 662 3974 rto
687 3920 804 3974 utnon
829 3909 913 3978 raro.
931 3907 1048 3976 defessi
1066 3910 1119 3995 vi-

25 3991 109 4058 ribus
125 3989 329 4075 deficiamus,
351 4014 387 4060 ac
402 3991 639 4080 nonnunquam
654 3987 751 4056 etiam
767 3987 801 4058 iu
822 4003 1027 4083 pcccatorum
1045 4018 1120 4062 sor·
1144 3999 1145 4002 ’

27 4073 77 4144 des
92 4076 312 4170 prolabamur.
350 4076 430 4164 ¹Ideo
445 4073 506 4142 hoc
524 4077 770 4142 Sacramentum
785 4089 941 4170 tanquam
955 4101 1015 4170 pro
1033 4101 1120 4170 quo-

26 4159 145 4230 tidiano
162 4159 315 4250 alimento
331 4160 426 4230 nobis
443 4159 555 4228 datum
569 4157 636 4241 est,
658 4173 695 4242 ut
712 4157 809 4256 herjus
825 4187 882 4229 esu
904 4159 981 4228 fides
1002 4161 1121 4232 iterum

27 4244 106 4316 vires
121 4269 199 4318 suas
212 4262 339 4342 reparet
354 4261 451 4341 atque
466 4251 652 4342 recuperet,
674 4267 716 4314 ne
737 4243 773 4342 in
792 4243 850 4316 tali
873 4243 1049 4341 certamino
1063 4264 1121 4321 aot
1189 4339 1192 4342 .
1297 4265 1298 4268 ’
