2602 4888
154 393 157 400 ·
209 347 283 432 dod
542 352 725 436 auruum
738 353 985 434 concordiae.
1091 397 1094 408 =

208 534 500 622 manaturum.
524 513 935 634 quouruunautuu
976 534 1058 608 suu
1073 533 1278 636 nonaum.

206 626 285 694 eatis
305 621 429 697 faterer
460 637 493 696 et
514 623 695 718 Apostolus
719 624 780 695 nitu
811 628 902 692 Deus
925 637 992 708 ost,
1017 620 1076 718 qui
1101 637 1241 720 operatur
1255 649 1278 691 ιι

206 708 301 778 rubia
320 724 352 779 at
374 707 461 780 velle
483 725 516 778 et
539 710 713 804 perlicere,
734 732 795 804 pro
809 707 896 778 buna
914 706 1103 789 voluntate3
1131 708 1278 803 quarreri-

108 864 115 875 ,
206 809 322 890 ptugae
349 793 540 863 dulcissima
565 793 724 864 tontintid
748 794 903 865 omnibns
928 791 994 888 piis
1014 793 1194 875 mentibus,
1221 817 1281 888 quat

131 903 136 910 ·
205 878 422 948 teintillnlam
438 878 584 974 aliquam
602 894 634 948 et
652 876 996 970 desideriumtgr'atiae
1018 875 1148 946 divinar.
1162 895 1192 946 ut
1203 897 1281 946 aem·

205 963 405 1042 naesaalutis
428 963 636 1034 incardium
659 963 729 1032 suit
747 963 912 1046 sentiunt,
935 961 1089 1034 eximiam
1110 962 1279 1035 consolatiu-

205 1058 283 1120 n'em
297 1049 407 1119 affert.
451 1049 542 1119 Certi
558 1051 646 1140 enim
663 1063 758 1132 suut,
781 1049 872 1142 quod
888 1052 958 1146 ipse
974 1053 1063 1118 Deus
1073 1047 1210 1118 initium
1222 1047 1280 1115 illud

207 1157 303 1203 verae
324 1130 479 1228 pietatis,
507 1151 665 1230 tanquam
685 1132 911 1216 flammulam,
938 1133 974 1203 in
990 1133 1148 1204 cordibus
1167 1136 1280 1227 ipsorum

207 1219 404 1303 antandron,
440 1220 598 1315 quodque
618 1215 698 1288 velit
720 1243 778 1290 eos
801 1217 900 1288 otiam
920 1216 955 1288 in
979 1233 1098 1309 magna
1122 1217 1282 1286 infirmitate

207 1329 308 1400 porro
331 1306 524 1376 confirmare
553 1321 586 1378 et
605 1305 735 1400 juvare,
762 1319 803 1374 ιιι
817 1304 853 1376 in
865 1327 942 1376 vera
957 1305 1019 1378 fide
1037 1305 1197 1374 adfinem
1210 1325 1281 1398 usque

231 1407 423 1462 etseverent.
500 1419 503 1430 ·
789 1423 791 1428 ·
963 1423 966 1430 ·
1095 1399 1102 1408 ’
1156 1401 1159 1408 ’

206 1415 229 1486 p
293 1481 366 1544 Huc
394 1473 577 1545 reserantur
598 1471 701 1564 etiam
736 1499 850 1546 omnes
882 1489 1070 1546 sanctorum
1101 1474 1281 1570 prucadouu

206 1563 329 1716 :guihus
345 1577 475 1657 petunt,
500 1575 536 1628 ut
553 1563 658 1630 aDeo
677 1561 875 1654 doceantur,
896 1559 1126 1632 illuminentur
1142 1573 1175 1631 et
1194 1557 1280 1628 sancti·

160 1703 167 1718 ,
217 1662 351 1718 uruntur.
396 1647 457 1714 His
474 1644 560 1714 enim
601 1645 1064 1742 roribussatentur‚quodea‚
1084 1657 1280 1741 quaopetuut,

206 1733 274 1802 'suis
289 1729 490 1801 naturalibus
512 1671 638 1801 virilius
662 1729 785 1800 habere
807 1747 980 1826 nequeant.
1022 1735 1070 1804 Et
1087 1732 1220 1824 quidem
1235 1731 1280 1796 lla

206 1819 260 1886 'vid
275 1817 311 1885 in
324 1842 390 1885 uno
406 1818 563 1885 duntaxat
575 1813 713 1886 Psalm'o
725 1814 832 1886 decies
847 1829 883 1887 et
892 1813 1039 1912 ampliat
1053 1833 1129 1888 orat
1138 1839 1199 1911 pru
1212 1811 1280 1884 inat·

201 1904 312 1984 lectu,
331 1919 379 1972 ut
394 1899 575 1970 doctrinam
596 1900 741 1970 divinam
763 1918 847 1975 reete
867 1925 984 1998 capere
1004 1917 1038 1973 et
1057 1901 1185 1990 diocere
1205 1911 1281 1994 queat

205 1989 307 2060 Tales
331 1985 592 2084 precatiunculae
614 1985 736 2056 multae
756 1986 935 2058 admodum
959 1986 994 2056 in
1016 1985 1151 2082 scriptis
1166 1981 1280 2054 Pauliuis

206 2088 333 2155 extant,
361 2094 445 2166 quae
462 2091 574 2166 preces
589 2070 816 2159 etqsententiae
837 2071 877 2140 de
892 2071 1083 2158 ignorantia
1098 2089 1134 2140 et
1148 2070 1193 2138 im
1217 2085 1280 2137 uteu-

207 2160 252 2234 tia
278 2173 390 2226 nostra
418 2181 486 2226 ιιοιι
512 2156 588 2226 ideo
605 2156 701 2226 nobis
723 2155 943 2250 praescriptae
964 2173 1058 2242 sunt,
1083 2173 1122 2228 ut
1142 2159 1184 2225 ad
1196 2095 1279 2241 lugu·

208 2247 304 2325 dum,
330 2241 530 2312 audiendum
554 2258 587 2312 at
610 2269 650 2310 ue
673 2241 897 2313 meditandum
918 2243 1136 2316 verbum'Dei
1156 2243 1279 2312 tardiores

176 2347 179 2353 '
206 2348 303 2426 utque
325 2326 529 2397 remissiores
548 2267 755 2408 reddamur„
775 2327 831 2396 sed
848 2342 885 2396 ut
900 2328 1049 2421 primum
1068 2331 1146 2396 Deo
1169 2343 1231 2396 totu
1244 2345 1284 2418 pt*

131 2469 136 2488 .
204 2424 293 2486 ἰιοιιι
314 2411 437 2502 gratias
458 2436 611 2504 agamus,
643 2411 735 2508 quod
751 2437 845 2481 nuse
867 2413 1009 2484 tenebris
1029 2411 1248 2504 ignorantiae,
1260 2419 1280 2504 tt

206 2499 393 2600 captivitate
411 2495 533 2597 peccati
558 2523 595 2567 nc
617 2496 742 2566 mortis¹
762 2523 821 2590 per
843 2496 969 2566 Filium
995 2518 1092 2568 suum
1114 2497 1279 2570 liberarunt,

203 2591 238 2656 ‘nt
250 2612 308 2680 per
320 2590 531 2678 Baptrsmum
554 2600 586 2654 et
601 2582 766 2680 Spiritum
788 2597 934 2658 sanctum
950 2583 1196 2678 regeneraverit
1214 2598 1279 2674 atque

204 2667 454 2744 illuminaverit
655 2718 660 2726 -
766 2693 771 2702 ·

230 2835 234 2844 .
291 2759 336 2824 Et
353 2770 528 2848 postquam
541 2749 631 2826 Deus
648 2778 706 2850 per
721 2751 883 2849 Spiritum
898 2765 1048 2825 sanctum
1066 2752 1168 2824 suum
1180 2751 1280 2846 initiunt

205 2843 240 2914 in
257 2841 429 2934 Baptismo
449 2837 542 2924 iecit}
575 2853 678 2994 algua
689 2863 799 2909 veram
815 2839 879 2908 Dei
896 2839 1096 2932 agnitionem
1114 2857 1148 2908 et
1163 2839 1283 2932 iidemu¹

205 2927 358 2996 'cordibus
372 2923 494 2994 nostris
509 2947 605 2993 accen
629 2925 654 2993 it
672 2941 770 3016 atque
786 2941 938 3017 operatus
951 2940 1021 3008 est,
1043 2923 1190 3024 assidui?
1203 2945 1278 3016 preu-

82 3082 86 3089 .
205 3015 266 3083 bus
284 3011 430 3080 orandus
443 3024 511 3091 est,
532 3026 572 3111 ut
584 3035 645 3103 per
667 3010 807 3080 eundem
827 3009 991 3104 Spiritum
1020 3033 1085 3080 aua·
1098 3027 1206 3100 gratia
1224 3015 1277 3098 (ptr

207 3096 398 3194 quotidiana
413 3093 563 3164 exercitua
577 3095 749 3176 audiendi,
773 3094 921 3184 legundi,
943 3111 976 3164 nt
990 3095 1033 3163 ad
1048 3119 1151 3163 usum
1169 3089 1277 3164 transtu

203 3181 300 3253 'rendi
314 3181 450 3251 verbum
464 3179 549 3270 Dei)
572 3179 606 3248 iu
621 3180 717 3251 nobis
735 3179 833 3252 fidem
848 3196 881 3252 et
898 3179 1048 3249 coelestia
1065 3199 1128 3250 sua
1150 3180 1228 3249 dona
1246 3175 1276 3243 lu·

205 3291 295 3352 vere,
318 3271 358 3336 de
372 3266 424 3336 die
438 3265 473 3332 in
491 3265 578 3334 diem
593 3267 805 3348 confirmare,
834 3279 867 3335 et
883 3263 925 3334 ad
941 3265 1040 3334 finem
1056 3289 1166 3360 usque
1179 3285 1278 3357 conuer-

205 3377 279 3422 vare
295 3351 385 3422 velit.
427 3350 500 3419 Nisi
510 3350 606 3420 'enim
621 3349 786 3432 Dominus
799 3350 869 3446 ipse
882 3350 1026 3419 doctoris
1040 3367 1073 3420 et
1086 3363 1277 3446 praeceptum

205 3437 313 3509 officio
329 3438 503 3522 fungatur,
525 3435 606 3504 nihil
624 3461 754 3519 eorum,
777 3451 862 3530 quae¹
874 3433 940 3534 ipsi
953 3451 1067 3528 grata,
1087 3435 1187 3507 nohis
1200 3449 1276 3504 auun

103 3539 109 3552 ·
203 3540 237 3593 ot
254 3520 502 3590 aliis·salutaria
516 3537 614 3604 suut‚‘
633 3520 807 3591 discemus.

290 3605 418 3675 Deinde
435 3607 569 3676 verbum
583 3608 647 3675 Dei
661 3621 816 3690 ιιιιιιιιιι,
838 3602 984 3674 hominia
996 3606 1158 3676 naturalis
1173 3629 1232 3674 nou
1242 3621 1277 3668 n·

202 3689 273 3762 nati
294 3689 514 3775 intellectum,
538 3717 594 3760 cor
608 3706 641 3760 et
656 3689 856 3760 voluntatem
874 3690 1017 3764 intubus
1034 3689 1158 3760 divinis
1173 3707 1275 3785 prorsus

204 3801 272 3847 nun
292 3777 390 3844 m'o’do
412 3799 432 3844 a
451 3780 524 3844 Deo
543 3799 675 3860 aversa,
709 3801 822 3849 verum
845 3776 942 3846 etiam
964 3775 1119 3844 adversus
1139 3781 1236 3845 Deum
1249 3767 1275 3838 tl

205 3888 304 3930 omne
325 3859 452 3930 tnalum
480 3883 652 3943 convorsa,
686 3877 718 3930 et
741 3860 870 3956 penitus
891 3863 1066 3954 depravata
1087 3885 1171 3930 esse.
1210 3865 1275 3930 lum

135 4015 138 4024 ,
201 3947 374 4016 hominem
391 3968 459 4014 non
475 3961 602 4014 tantum
625 3945 811 4042 intirmum,
839 3944 1056 4030 imbecillum,
1086 3946 1241 4044 ineptum.
1257 3951 1276 4034 tl

204 4033 246 4106 ad
263 4031 387 4101 bonum
411 4045 616 4115 emortuum,
643 4055 758 4100 verum
780 4026 879 4101 etiam
901 4055 961 4124 per
979 4046 1147 4124 peccatum
1170 4025 1274 4118 origiuu

203 4119 288 4188 adeo
312 4113 544 4186 miserabiliter
568 4139 777 4210 perversum,
809 4137 932 4185 veneno
951 4117 1075 4210 peccati
1099 4117 1240 4186 insertum
1254 4121 1273 4173 tt

204 4215 396 4296 corruptum
412 4216 560 4284 esae‚,ut
574 4225 612 4268 ex
625 4199 760 4292 ingenio
779 4215 812 4270 et
824 4217 939 4270 natura
953 4225 1014 4272 sua
1028 4216 1117 4271 totus
1133 4201 1174 4271 iit
1185 4193 1271 4290 malet

142 4310 147 4317 ’
183 4283 427 4360 ··uuurubeutr
444 4301 478 4358 et
501 4283 674 4374 ininius,
702 4285 793 4361 etad
806 4284 920 4362 omnia
935 4305 990 4374 ιιι·
1018 4309 1102 4384 quae
1116 4279 1271 4366 neurodu
