2610 4900
907 33 913 74 t

910 219 1013 276 Ι..

221 285 296 434 sit
518 318 523 356 ¹
553 297 820 418 ¹Catccbismus
837 341 969 444 major.

218 533 348 599 'tautum
372 525 487 617 'magis
516 538 615 619 atque
642 523 749 613 tnagis
778 520 918 594 libidine
936 521 1064 610 incensi
1091 519 1227 594 adsersus
1240 517 1278 594 luc

223 627 434 710 praeceptum
452 609 641 704 delinquere
658 623 825 699 cogantrsr.
1097 687 1100 694 ‚

309 703 387 766 Jam
398 695 482 781 ¹baec
496 720 535 764 eo
548 720 638 765 ame
661 693 747 770 dicta
761 701 860 777 sunt',
887 708 926 766 ut
940 694 1095 785 juventus
1115 691 1223 762 crebris
1234 719 1279 761 uo

223 784 302 853 uitis
323 783 359 850 in
382 805 455 850 eam
475 779 673 872 perducetur
696 777 905 862 sententiam,
925 793 974 847 ut
996 775 1134 871 incipiat
1155 778 1279 871 voluptas

225 869 369 964 quedam
392 864 564 959 complecti
586 862 849 944 matrimonium,
880 863 1025 963 sciatque
1046 859 1174 932 felicem
1192 877 1218 932 ct
1237 869 1280 930 llo

224 968 392 1046 acceptum
413 973 481 1021 esse
505 948 665 1044 ordinem.¹
694 949 780 1018 «Hac
802 947 890 1017 enirn
912 963 1038 1016 renone
1063 949 1211 1040 temporis
1249 971 1280 1014 ro

165 1055 174 1072 ⁸
225 1063 339 1128 gressu
350 1051 474 1105 tantum
489 1033 573 1102 ellici
587 1047 715 1133 posset,
735 1031 841 1130 utilli
857 1046 935 1100 suus'
952 1031 1072 1130 iterum
1082 1031 1189 1102 ltonos
1201 973 1280 1100 reide-

127 1157 131 1171 ·
225 1139 334 1202 retur,
368 1115 509 1188 etfueda
524 1117 587 1202 illa¹
608 1135 641 1186 et
656 1116 903 1188 manifestarum
930 1132 1165 1198 scortationum
1189 1115 1280 1212 etatis

53 1214 56 1227 ¹
142 1252 144 1260 »
225 1233 301 1274 rum
313 1203 577 1298 turpissimorum
593 1201 766 1286 vitiorum,
796 1205 1103 1297 quatercentdmtum
1124 1201 1282 1272 matrinam

225 1305 397 1361 consecuta
419 1306 513 1380 sunt,
546 1288 637 1366 lerna
658 1287 780 1382 passim
804 1288 944 1356 nuncin
965 1287 1089 1355 mundo
1116 1311 1241 1377 regnans
1252 1287 1282 1352 di·

165 1426 167 1434 ›
226 1376 433 1446 minueretur.
479 1377 605 1462 Quarel
623 1373 686 1443 hoc
712 1397 844 1472 {proque
882 1381 1032 1441 arentuln
1053 1395 1097 1442 ac.
1116 1371 1283 1464 magistratu

227 1477 276 1530 est
290 1460 454 1544 officium,
483 1459 662 1551 juventutis
679 1473 840 1528 rationem
858 1397 998 1539 babere,
1028 1471 1067 1526 ut
1088 1456 1259 1552 pudicitiam
1267 1469 1283 1522 et

226 1546 427 1618 honestatem
441 1543 639 1640 perdiscant,
655 1558 753 1636 atque
775 1543 832 1610 ubi
845 1541 1057 1619 adoleverint,
1079 1559 1203 1611 mature
1216 1540 1282 1637 bene

227 1647 277 1700 sto
294 1631 475 1722 jungantur
490 1627 710 1712 matrimonio,
730 1651 909 1734 quamrem
927 1625 1015 1695 baud
1033 1624 1135 1696 dubie
1151 1651 1206 1697 sua
1218 1641 1284 1716 grata

226 1731 261 1784 et
272 1715 498 1784 benedictione
509 1737 703 1808 prosperare
717 1714 906 1804 dignaretur
929 1717 1040 1797 Deus,
1069 1727 1110 1781 ut
1131 1712 1259 1810 voluptas
1267 1725 1284 1778 rt

138 1807 139 1812 ’
228 1799 386 1896 gaudium
404 1799 483 1867 inde
496 1799 727 1892 perciperetur.
1047 1817 1049 1822 ·

311 1881 449 1967 Ultimo,
466 1909 515 1955 ‚ex
531 1881 581 1950 his
594 1883 747 1950 omuibus
764 1881 886 1976 epilogi
900 1881 969 1952 vice
985 1879 1049 1952 boc
1059 1867 1236 1975 adjiciatur,
1251 1882 1285 1948 bot

250 1971 435 2062 raece'ptum
452 1985 518 2036 nun
535 1966 644 2036 solum
658 1966 804 2058 exigere,
833 1983 871 2036 ut
890 1966 966 2062 quis
991 1993 1031 2035 ue
1049 1969 1220 2060 operibus,
1243 1991 1284 2032 ur·

210 1993 278 2123 'bis
294 2069 326 2121 et
340 2049 591 2142 cogitationibus
615 2067 699 2120 caste
721 2052 811 2120 vivat
826 2052 860 2142 iq
876 2077 956 2135 suo,
1008 2077 1046 2122 oc
1066 2070 1135 2136 cst,
1165 2047 1285 2144 conjugali

228 2135 383 2232 inprimis
404 2153 507 2220 statu,
535 2135 734 2216 sedetiam,
764 2152 801 2204 ut
821 2163 1027 2230 comparem,
1057 2153 1089 2206 et
1116 2139 1286 2230 conjugunt

121 2241 125 2244 “
199 2225 203 2232 ’
227 2227 302 2294 Deo
317 2221 382 2291 sibi
399 2246 603 2302 concessam,
623 2219 658 2288 in
673 2223 777 2314 pretio
796 2216 934 2304 habeat,
956 2247 993 2292 ae
1015 2247 1131 2292 amore
1145 2243 1285 2318 proseque

227 2324 310 2377 tun·
333 2306 502 2402 Ubitenim
517 2305 670 2399 volumus
693 2307 857 2399 conjugali
874 2305 1014 2388 castitati
1037 2306 1151 2378 locum
1174 2333 1248 2389 esse,
1262 2301 1286 2370 ibi

123 2407 126 2414 '
142 2437 145 2444 -
227 2417 394 2466 necessum
411 2407 458 2462 est
474 2408 549 2460 ante
566 2391 688 2476 omnia,
712 2407 748 2460 ut
764 2391 816 2461 vir
834 2407 866 2461 et
878 2391 996 2460 mulier
1011 2392 1046 2460 in
1060 2395 1175 2463 umore
1191 2415 1287 2463 concor·

222 2477 285 2546 ”des
304 2489 552 2557 conversentur,
573 2492 610 2546 ut
626 2474 708 2544 alter
718 2475 857 2548 alterum
869 2494 910 2545 'ex
927 2476 1037 2556 animo
1054 2493 1171 2548 mutua
1187 2475 1286 2573 quadan

226 2560 453 2630 benevolentia
473 2578 504 2629 et
519 2562 580 2628 fide
603 2560 843 2653 complectatur.
891 2565 963 2632 Hoc
982 2561 1069 2631 enim
1093 2590 1198 2632 unum
1219 2575 1287 2630 estet

226 2645 432 2738 praecipuis,
450 2667 535 2737 quae
558 2667 703 2713 amorem
729 2663 761 2716 et
781 2646 925 2715 sardium
951 2645 1110 2716 castitatis
1132 2647 1287 2718 accendunt:

229 2731 359 2824 quodsi
378 2739 507 2821 praesto
522 2729 641 2812 fuerit,
668 2729 678 2796 i
704 2753 739 2798 sa
756 2756 887 2826 quoque
902 2733 1031 2800 castitas
1054 2757 1114 2801 sua
1133 2729 1289 2829 spontesinr

175 2871 177 2878 .
227 2815 383 2914 mandato
400 2829 625 2912 consequetur„
649 2756 749 2912 ‚liidc
763 2841 896 2912 quoque
911 2815 1005 2907 diuers
1023 2817 1149 2886 Paulus
1172 2811 1287 2886 tantadi

144 2924 149 2936 ‘
210 2897 452 2991 degentiam,
475 2917 533 2993 qur
551 2914 627 2966 sunt
645 2923 680 2964 m
697 2900 929 2984 matrimonio,
958 2901 1132 2983 admonet,
1156 2919 1191 2972 ut
1212 2913 1288 2971 mutus

226 2983 338 3054 amor'e
362 3009 395 3052 se
418 2982 560 3074 diligant
578 3000 609 3052 et
628 3001 831 3053 venerentur.
881 2987 991 3054 Habes
1023 3011 1103 3076 ergo
1126 2987 1180 3057 hic
1208 2986 1287 3056 iterun

226 3093 309 3162 opus
326 3069 418 3138 valde
435 3070 630 3162 pretiosum,
651 3067 717 3137 imo
735 3069 845 3162 potius
859 3069 1100 3158 multamagua
1115 3089 1149 3141 et
1162 3067 1287 3166 praedat

226 3178 343 3250 opera,
374 3177 457 3248 quse
475 3153 574 3224 alacri
590 3151 701 3250 animo
715 3155 853 3244 jactare,
877 3179 915 3224 ac
928 3154 1088 3224 omnibus·
1099 3157 1287 3248 religiosorum

225 3239 418 3321 ordinibus,
455 3240 536 3308 citra
561 3238 655 3309 verbe
687 3239 914 3311 auctoritatem
944 3239 1121 3311 institutis¹
1141 3258 1175 3312 et
1196 3240 1287 3314 elenu

226 3347 394 3424 opponere
404 3339 509 3418 potes.

483 3493 1064 3601 inserimusmrnuu.

322 3672 405 3740 Non
424 3666 566 3772 ¹lurtum
582 3667 707 3744 facies.
870 3649 876 3668 ⁰
1093 3659 1095 3666 ’

305 3833 387 3900 Post
407 3847 497 3900 tuam
519 3849 659 3927 tuaeque
683 3832 833 3926 conjugis
852 3857 1030 3932 personam
1039 3861 1054 3920 ,·
1071 3834 1250 3931 proximum
1260 3811 1300 3896 ut*

220 3938 273 3986 res
286 3913 479 4008 familiaris:
503 3915 587 3988 banc
605 3929 740 4012 quu'qne¹
762 3923 854 3988 Deus
878 3920 950 3988 vult
967 3945 1036 3989 esse
1055 3919 1091 3990 in
1110 3937 1203 4004 tuto,
1220 3938 1287 4010 prae·

219 4001 388 4094 cepitque,
407 4005 535 4096 nequis
553 4002 686 4073 alterius
707 4004 856 4074 fortunas
879 4003 1029 4086 invadat,
1061 4000 1288 4076 auertendus

111 4097 115 4104 '
217 4081 382 4178 compilet.
424 4087 644 4158 Furorienim
662 4086 743 4156 nihil
764 4089 858 4160 aliud
878 4104 945 4170 est,
977 4105 1035 4160 aut
1056 4088 1188 4174 dicitur,
1216 4103 1287 4181 quest

146 4178 155 4206 ⁸
214 4170 365 4239 fortunas
380 4170 514 4242 alterius
529 4197 587 4268 per
603 4172 760 4266 injuriam
775 4173 839 4244 sibi
853 4174 1039 4244 vendicare:
1064 4199 1127 4272 qua
1143 4179 1179 4242 r'e
1204 4171 1285 4240 breu-

214 4271 264 4328 ter
277 4259 387 4328 omnis
400 4257 527 4350 genera
544 4264 580 4331 iu
597 4257 757 4352 omnbus
766 4255 908 4354 negotiis
921 4259 1079 4355 proximi·
1092 4253 1285 4334 dclraudritt

756 4551 765 4580 Ι
874 4557 878 4567 ι
