2564 4902
453 250 456 254 ,
565 171 581 222 x
592 239 595 252 e

168 327 243 414 dod
342 379 347 392 .
504 302 754 400 Catecltismus
782 327 961 424 major..
1195 325 1204 400 ,’
1271 302 1275 442 l

169 519 307 590 mntttr,
336 502 510 585 desierint,
540 501 659 576 barum
683 505 758 576 loen
777 529 892 592 mane,
921 505 1057 578 meridie
1080 530 1118 577 ae
1139 510 1243 602 vesperi
1274 533 1275 546 ¹

69 621 90 688 Ἰ
120 627 122 634 ⁴
168 594 299 687 aliquot
311 590 427 668 saltem
438 591 575 685 paginas
590 591 641 660 vel
668 588 703 660 in
722 587 948 675 Cateebismo,
979 591 1030 662 vel
1056 592 1243 688 inprecatio

168 679 275 757 nibus,
296 675 349 744 vel
362 674 397 744 in
412 701 501 745 novo
515 679 724 761 'l'estamento
742 674 934 758 evolverent,
948 693 1006 746 aut
1022 677 1160 771 denique
1175 678 1244 746 aliud

171 762 342 858 quippiam
357 787 396 828 ex
410 757 531 828 Bibliis
544 758 643 828 sacris
655 759 718 827 sibi
733 775 911 842 sumerent,
934 760 1175 855 orationemque
1188 767 1243 831 Ilo-
1275 753 1276 770 ¹

168 845 326 918 minicam
352 843 529 938 aliquando
554 845 596 914 ad
616 849 880 912 Deum-Patrem
902 861 934 914 et
954 870 1014 913 sua
1036 863 1068 915 et
1094 849 1195 938 gregis
1207 847 1245 916 sui

170 955 267 1003 causa
289 941 501 1034 perorarent,
536 953 603 1022 quo
629 929 759 998 tandem
780 925 931 998 videlicet
953 931 1133 1022 Evangelio
1141 961 1155 1011 ,·
1172 934 1245 1022 enjus

169 1016 327 1088 beneficio
343 1029 391 1084 tot
405 1013 559 1082 oneribus
571 1012 788 1084 ae·mdlestiis
800 1011 929 1086 liberati
941 1015 1107 1105 sunt,vel
1123 1015 1245 1111 aliquan

170 1101 348 1196 rependant
373 1097 530 1188 gratiam,
565 1124 626 1196 sup
653 1099 750 1168 utleat
773 1124 813 1166 ue
830 1125 903 1176 eos,
926 1099 1013 1191 quod
1028 1099 1130 1170 instar
1149 1126 1245 1171 canum
1276 1109 1277 1122 ¹

169 1211 208 1257 ac
228 1210 343 1266 suum,
368 1208 439 1280 non
458 1181 550 1254 aliud
569 1209 607 1278 ex
628 1124 810 1272 Evangelio
823 1183 1057 1279 addidicerint,
1098 1209 1183 1254 ,uam
1203 1187 1245 1254 tle·

170 1271 345 1351 sidiosam,
380 1264 510 1338 noxiam
534 1291 571 1337 ac
598 1267 818 1337 detestandam
840 1267 925 1338 banc
953 1272 1057 1338 carnis
1087 1211 1243 1339 licentiam.

169 1361 350 1431 Nemeum
375 1349 496 1450 vulgus
534 1350 780 1446 alioquinimis
802 1351 920 1444 frigide
943 1377 1020 1453 prga
1048 1353 1245 1448 Evangeliun

169 1440 324 1511 illectum
357 1453 422 1518 srt,
455 1454 488 1508 et
511 1463 572 1506 nos
606 1438 725 1517 etiam,
760 1461 833 1506 cum
867 1461 976 1506 omma
1007 1461 1137 1508 summa
1166 1463 1245 1508 cont·

151 1555 152 1560 ¹
170 1535 274 1608 rrlur,¹
294 1538 350 1596 aut
371 1511 452 1598 nibil
468 1539 533 1591 ant
558 1545 674 1618 parum
691 1521 888 1592 efficiamus:
911 1522 1156 1616 quantominus
1170 1548 1246 1620 prae-

170 1609 251 1682 clari
265 1605 393 1702 aliquid
407 1605 603 1700 sperandum
626 1606 707 1690 erit,
720 1613 781 1689 ,si,
817 1607 1095 1708 quemadmodum
1119 1609 1178 1680 sub
1197 1613 1246 1676 Pa-

169 1713 249 1794 patu
270 1693 412 1793 luimus,
435 1693 482 1763 ita
496 1717 590 1770 ,nunc
611 1691 894 1789 quoquedesrdes
916 1714 954 1790 ae
973 1689 1177 1784 negligentes·
1197 1718 1246 1762 esse

169 1808 224 1852 coe
250 1801 383 1852 erimus.
661 1809 665 1816 =
786 1825 789 1830 -
839 1819 842 1827 s
1089 1801 1091 1804 ·
1121 1803 1125 1810 ·

175 1936 178 1946 ,
226 1805 314 1932 pHis
329 1863 452 1932 accedit
467 1861 601 1933 noxium
616 1878 712 1958 atque
728 1858 916 1955 pestisemm
930 1862 1011 1934 illud
1032 1862 1161 1936 malum
1173 1883 1247 1933 seen

142 1996 148 2012 ·
169 1946 274 2020 iitatis
288 1961 320 2018 et
335 1946 515 2032 satietatis,
539 1947 628 2040 qnod
647 1947 830 2016 multorum
841 1946 959 2017 animis
973 1951 1042 2041 jam
1064 1947 1191 2044 pridem
1211 1946 1247 2016 la-

160 2050 274 2112 tenter
287 2031 435 2126 obrepit,
456 2055 575 2128 eosque
595 2031 777 2118 itainficit,
798 2045 840 2102 ,ut
859 2049 969 2102 sancte
992 2033 1156 2126 dejerent,
1182 2029 1246 2102 nibil

169 2143 238 2208 esse
253 2115 380 2188 facilius
393 2117 465 2214 ipsa
480 2115 680 2190 Cateebismi
701 2116 866 2200 doctrina,
882 2117 974 2187 ,adeo
988 2117 1107 2204 etiam,
1137 2135 1174 2188 ut
1190 2143 1247 2188 eun

168 2203 265 2276 unica
278 2199 416 2277 lectione
431 2201 529 2274 illum
542 2200 760 2309 percurrerint
771 2244 787 2286 ,·
801 2199 910 2271 statim
924 2201 1013 2272 velot
1035 2203 1078 2272 ad
1100 2225 1247 2288 summum

75 2341 78 2356 .
168 2283 316 2398 provecti
335 2311 355 2356 a
390 2311 431 2356 ue
447 2290 553 2360 edocti
568 2289 688 2358 librum
699 2284 807 2382 ipsum
822 2286 857 2354 in
876 2287 1034 2379 angulum
1047 2287 1190 2382 aliquem
1202 2289 1248 2356 ab·

168 2375 300 2469 piciant,
320 2305 507 2468 ptideatqne
533 2399 588 2443 eos
614 2371 858 2472 quodammodo
879 2373 914 2439 in
931 2395 1048 2440 manns
1064 2373 1248 2447 sumerede·
1280 2411 1281 2428 κ

111 2540 116 2553 .
168 2485 248 2530 nuo.
290 2463 379 2542 lmo,
426 2461 491 2528 uod
503 2459 670 2552 indignius
686 2473 751 2538 est,
773 2457 1091 2562 reperiunturbodie
1114 2459 1206 2528 etiarn
1221 2478 1247 2523 ex

167 2540 336 2614 nobilibus
352 2483 487 2637 quidam
505 2545 588 2616 adeo
601 2541 755 2644 ignobilis
770 2540 888 2624 ammi,
911 2558 949 2610 ut
958 2541 1129 2620 affirmare
1147 2541 1247 2622 ausint,

24 2627 29 2634 ⁸
56 2633 60 2644 ⁴
168 2627 217 2698 nil
242 2651 325 2722 opus
349 2653 418 2696 esse
438 2628 580 2722 amplius
600 2653 667 2694 srve
686 2624 845 2695 Parochis
863 2625 938 2694 'sive
956 2625 1247 2703 Contionatorilvus,

88 2751 93 2763 =
169 2707 527 2794 sert‘susficerelitros,
549 2709 722 2806 exquibus
747 2711 860 2780 eadem
884 2708 963 2780 ha'ee
982 2711 1106 2782 discere
1130 2710 1247 2806 quilibet

168 2823 229 2894 per
252 2821 285 2864 se
305 2819 343 2866 ac
360 2795 454 2864 bullo
478 2797 625 2866 tradente
649 2810 755 2888 queat.
812 2794 908 2864 Unde
924 2812 957 2864 et
980 2796 1069 2890 ipsas
1088 2793 1247 2868 Parecbias

168 2897 297 2952 strenue
313 2905 351 2950 ae
366 2880 496 2950 sortiter
520 2879 639 2952 collabi
663 2903 700 2948 ac
722 2867 864 2950 desolari
884 2881 1076 2972 patiuntur,
1106 2879 1247 2976 parochos

111 3011 114 3018 ·
168 2983 279 3036 antem
293 2981 324 3035 et
333 2966 574 3038 concionatores
590 2979 715 3064 tantum
728 2989 793 3033 non
804 2961 890 3034 lame
903 2963 1035 3034 interire
1047 2965 1173 3050 sinunt',
1187 2988 1247 3062 per·

115 3081 118 3087 ’
156 3049 246 3122 'inde
263 3051 404 3138 utdecet
420 3047 612 3122 stolidos-ae
625 3055 757 3136 insanos
775 3051 970 3119 Germanos.
1014 3048 1135 3120 'l'alem
1146 3068 1247 3120 etenrn

168 3132 328 3234 populum
343 3134 500 3208 Germani
514 3151 546 3206 et
562 3132 720 3205 habemus
736 3147 769 3206 et
781 3133 921 3204 tolerare
935 3133 1097 3224 cogimur.

228 3300 232 3307 Ι
251 3224 323 3313 Ego
340 3241 430 3304 pero,
451 3236 490 3290 ut
506 3221 545 3290 de
559 3220 700 3314 meipso
715 3217 819 3288 dicam
844 3217 985 3302 scilicet,
1008 3219 1138 3290 tametsi
1154 3221 1248 3290 doctor

167 3320 208 3374 tte
223 3303 428 3400 praedicator
444 3331 537 3388 sum,
559 3325 628 3372 non
642 3301 783 3386 minori,
805 3317 842 3372 ut
856 3301 992 3397 opinor,
1024 3329 1101 3382 eum
1119 3305 1247 3376 doctriru

167 3404 240 3458 tum
252 3388 448 3482 ‘experientia
463 3387 648 3484 praeditus,
668 3395 770 3482 quam
784 3384 833 3474 ii,
862 3387 919 3480 qui
942 3403 1034 3466 tauta
1050 3388 1091 3459 de
1105 3415 1146 3462 se
1188 3413 1247 3457 rae·

170 3490 323 3556 sumunt,
346 3473 436 3543 etad
462 3491 585 3544 tantam
605 3471 806 3544 securitatem
851 3488 1061 3557 ervenerunt,
1094 3415 1187 3544 baud
1202 3497 1248 3541 ua·

191 3583 267 3627 uam
282 3575 391 3628 tamen
413 3557 536 3630 imitari
559 3583 611 3626 me
628 3577 813 3652 puerospu
838 3570 888 3640 et,
911 3557 969 3626 sed
985 3500 1247 3653 quemadmodum

164 3583 247 3712 dios
266 3641 509 3712 Cateehismum
525 3643 697 3720 docemus,
718 3640 810 3710 itaet
829 3665 890 3730 ego
904 3663 1020 3730 mane,
1041 3658 1098 3712 aru
1113 3643 1246 3738 quande-

167 3751 293 3830 eunque
307 3727 399 3816 vacui
415 3724 542 3824 aliquid
557 3725 713 3821 temporis
727 3724 842 3804 datin,
864 3725 970 3822 ipsam
993 3726 1176 3798 orationem
1188 3732 1246 3795 Do·

167 3809 339 3895 minicam,
362 3812 473 3884 decem
493 3827 685 3910 praecepta,
714 3811 883 3880 Articulos
906 3810 1000 3892 fidei,
1030 3809 1179 3883 Psalmos
1197 3808 1246 3878 ali-

167 3911 265 3992 quot,
287 3911 347 3966 ete.
368 3923 494 3966 mecum
509 3897 579 3999 ipse
604 3894 697 3988 quasi
712 3893 910 3992 adverbum
930 3891 1041 3966 recito.
1091 3900 1138 3968 Et
1157 3917 1246 3993 quau·

138 4007 140 4014 '
167 4003 265 4084 quam
281 3979 388 4070 adbuc
405 3980 549 4080 quotidie
563 3978 754 4051 lectionibus
768 3995 801 4048 et
814 3977 933 4048 studiis
949 4003 1039 4063 vaco,
1062 3995 1198 4052 tuamen
1215 4000 1245 4044 ut

166 4089 213 4138 src
242 4063 373 4218 quidem
396 4091 532 4163 possum
552 4063 740 4165 pervenire,
769 4088 835 4160 quo
857 4062 971 4159 cupio,
1004 4081 1061 4135 aut
1083 4083 1244 4160 praestaro

94 4202 100 4218 ,
171 4169 233 4221 'ua
265 4175 307 4220 vo
323 4173 355 4220 o.
725 4181 727 4186 ’

167 4177 191 4248 q
235 4177 369 4324 elta-lit,
391 4252 585 4331 utpuerunt
599 4257 638 4304 ac
653 4230 855 4332 discipulum
875 4233 1075 4308 Catechismi
1088 4234 1181 4336 etiam
1193 4227 1243 4330 bo·
