2564 4902
246 339 323 418 ²7⁰
362 305 366 320 ’
611 389 615 401 ,
665 317 736 394 De.
746 335 930 421 potestate
1021 409 1023 416 ¹

245 559 252 568 .
282 581 285 596 Ι
330 496 460 576 Deinde
474 495 617 591 cogitent
628 498 743 582 etiarn,¹
784 515 920 572 cantore
932 495 1036 572 aceles
1053 495 1104 586 ait,
1119 501 1228 592 adjurari

244 589 367 682 justam
382 583 613 666 crudelitatem
636 582 674 654 in
687 583 754 656 inte
794 585 920 658 ciendis
942 585 1082 674 sanctie,
1100 609 1228 681 ‘quorum

246 673 381 766 gumen
395 675 486 742 Deus
501 661 591 740 haud
611 667 713 740 dubie
729 668 917 790 ulciscetur.

326 801 486 904 Inprimis
510 817 620 874 autem
652 803 780 900 'oportet
800 805 977 902 praecipua
999 805 1143 884 membra
1160 805 1228 880 tell

247 897 356 986 Reges
374 909 406 978 et
421 885 608 986 PrincipeS,
636 885 804 960 consulere
819 891 1004 977 Ecclesiae,
1039 909 1071 962 et
1085 913 1192 970 curare,
1206 904 1229 958 etl

246 999 339 1049 rores
354 977 532 1059 tollantur,
554 991 587 1044 et
604 973 820 1046 eonscientiae
839 1000 917 1048 sane
956 1001 1014 1078 ur,
1038 973 1119 1048 sieut
1131 981 1229 1047 Deusnt

174 1089 178 1096 ·
245 1059 354 1135 natirn
365 1067 471 1152 Reges
494 1059 660 1128 hortatur:
696 1063 743 1132 Et
765 1082 851 1131 nunc
874 993 981 1153 Reges
1002 1061 1182 1154 intelligite,
1205 1085 1229 1130 eu

245 1143 347 1232 mini,
378 1147 436 1240 qui
450 1142 602 1239 judicatis
621 1157 755 1214 terram.
797 1145 913 1237 Prima
930 1148 1017 1216 enim
1033 1167 1110 1218 eura
1128 1149 1229 1240 degunt

247 1231 361 1320 dehet,
383 1248 421 1300 ut
437 1245 554 1300 ornent
567 1224 709 1320 gloriam
722 1227 796 1300 Dei.
833 1235 945 1321 Quare
957 1229 1217 1326 indignissimum

231 1325 303 1389 ''ees
318 1317 465 1388 conferre
478 1317 703 1414 apctoritatem
718 1325 750 1384 et
762 1316 945 1409 potentiam
961 1339 1066 1402 suam,
1089 1321 1129 1386 ad
1143 1257 1230 1410 coniri

223 1405 324 1498 ,dam
341 1400 585 1485 idololatriam,
614 1413 650 1468 et
665 1396 1090 1494 caeteruinfinitaltagitie,
1120 1420 1149 1474 et
1159 1403 1192 1472 ad
1201 1401 1230 1468 tu

246 1487 436 1586 dascaedes
450 1497 649 1562 sauctorum.

230 1651 232 1674 ¹
330 1643 377 1712 Et
392 1653 430 1711 ct
444 1641 537 1733 Papa
554 1638 593 1710 S'
623 1633 704 1708 odos
727 1629 860 1708 habeat:
875 1629 1056 1734 'promotio
1080 1635 1231 1734 sanarilcl

243 1743 366 1883 potest,
397 1726 426 1794 ei
442 1726 535 1824 Papa
548 1661 633 1795 cdiii
651 1723 782 1820 decepsi
797 1739 908 1794 eontra
924 1725 1101 1824 arbitrium
1125 1735 1231 1817 suuupl

164 1815 167 1830 '
262 1840 317 1896 ur,
346 1811 375 1881 si
391 1811 516 1880 nemini
533 1808 687 1879 concedet
704 1807 811 1878 ducere
826 1825 1040 1894 sententiam,
1070 1810 1136 1882 niti
1154 1809 1231 1880 suiset

244 1898 335 1969 bris?
366 1919 449 1988 quoe
466 1893 564 1963 habet
590 1892 737 1983 obligata
755 1890 926 1964 horrendis
944 1897 1143 1996 juramentis
1161 1889 1231 1965 etmel

244 1977 421 2062 etidnibus,
443 1981 486 2050 ad
498 1978 722 2050 defensionem
735 2001 812 2048 suae
825 1980 1005 2070 tyrannidis
1018 1997 1049 2050 et
1064 1977 1231 2078 impiatum

244 2066 315 2136 ulla
331 2063 518 2160 exceptione
535 2063 627 2134 verbi
646 2061 720 2132 Dei.
765 2064 853 2133 Cum
867 2080 978 2134 autem
992 2065 1121 2158 judicia
1136 2063 1232 2159 synod,

245 2151 312 2221 sint
329 2149 494 2249 Ecclesiae
519 2148 663 2240 judicia,
705 2169 772 2246 nop
794 2149 1010 2233 Pontificum,
1039 2152 1200 2246 praecipue
1213 2149 1232 2230 ll

244 2237 306 2308 bus
325 2251 476 2306 convenit
500 2243 645 2304 co'e'rccre
668 2233 866 2303 Pontrlicum
880 2233 1062 2319 licentiam,
1093 2255 1126 2308 et
1145 2237 1232 2305 eliceto

243 2321 412 2395 Ecclesiae
426 2319 584 2413 eripiatur
601 2317 741 2388 facultas
754 2318 925 2410 judicandi
939 2336 971 2389 et
982 2322 1174 2392 decernendi
1185 2339 1232 2410 erte

244 2407 320 2479 Dei.
354 2411 408 2476 ‘Et
422 2421 461 2474 ut
477 2405 623 2498 reliquos
637 2423 763 2472 errores
778 2407 889 2498 Papae
903 2419 1015 2476 taxare
1029 2407 1147 2478 caeteri
1162 2404 1222 2475 Chri

245 2494 377 2565 debent:
407 2489 455 2560 ita
469 2490 568 2560 etiam
579 2486 818 2584 reprehendere
836 2489 956 2558 dehent
968 2491 1188 2563 Pontificemd
1224 2489 1229 2578 j

242 2595 366 2734 hemlee
378 2576 609 2671 impedientem
625 2597 737 2643 reram
759 2571 983 2666 cognitionem
1004 2595 1037 2648 et
1049 2603 1162 2650 vorum
1181 2579 1207 2668 ju

146 2727 150 2737 .
275 2689 308 2733 ce
324 2685 418 2732 esrae.
1041 2689 1047 2710 1

328 2819 445 2908 Itaque
459 2804 589 2882 etiamsi
604 2813 774 2890 Romanus
789 2809 819 2882 Ε
843 2809 974 2908 iseopus
987 2811 1063 2916 jure
1083 2805 1233 2900 divincld

129 2915 134 2926 ‘
243 2899 440 2997 primatum
467 2914 578 2968 mmen
591 2913 811 3052 posteapuam
819 2837 971 2974 defendit
984 2927 1030 2970 em
1054 2901 1107 2972 ios
1122 2901 1233 2972 educe

243 2987 384 3057 ctrinam
397 2998 598 3078 pugnantem
616 3007 690 3054 cum
736 2983 907 3074 vangelio,
936 3008 1004 3056 noo
1044 2987 1158 3058 ebetur
1172 2985 1195 3055 ei
1206 2981 1233 3049 ot

243 3072 346 3156 entia,
381 3069 450 3140 imo
474 3091 602 3140 necesse
624 3083 673 3138 est
703 3069 735 3141 ei
757 3084 925 3162 tanquam„
937 3070 1141 3144 Antichristo
1164 3070 1233 3162 adep

242 3159 385 3227 Errores
408 3158 518 3249 Papae
546 3152 712 3226 manifesti
736 3169 830 3238 suut,
872 3169 906 3240 et
928 3181 998 3226 non
1026 3155 1126 3228 leves.
1164 3145 1233 3226 lllanll

244 3259 294 3312 est
312 3241 408 3311 etiam
424 3236 618 3321 crudelitas,
650 3262 749 3332 quam
769 3256 901 3308 exerceo
944 3244 990 3314 Et
1006 3258 1136 3313 constat
1150 3235 1233 3310 mand!

241 3327 306 3397 Dei
321 3351 408 3408 esse,
437 3340 477 3392 ut
486 3321 658 3423 'fugiamua
671 3321 914 3408 idololatriam,
941 3324 1076 3419 impiam
1094 3323 1233 3399 doetrinae

242 3411 401 3504 injustam
425 3407 606 3478 saevitiam.
650 3407 728 3478 ldeo
751 3429 903 3499 magnas,
931 3415 1145 3496 necessarias,
1172 3423 1233 3480 etet

241 3497 341 3566 festas
356 3491 612 3592 causashabe‘nt
625 3517 739 3592 omnes
755 3491 821 3590 pii,
846 3519 888 3568 ue
903 3495 1227 3590 obtemperent'Papac

242 3580 304 3650 hae
325 3601 526 3649 necessamae
554 3601 668 3646 causae
729 3599 765 3648 os
794 3577 1023 3664 consolentur,
1054 3582 1195 3657 adversus
1209 3597 1233 3642 cr

242 3664 403 3764 eppvitia,
427 3687 510 3759 quae
522 3661 562 3732 de
577 3601 738 3735 scandali
777 3663 817 3734 de
831 3661 1020 3751 schismate,
1044 3665 1085 3736 de
1099 3660 1233 3736 discordia*

241 3752 299 3844 jrcr
316 3749 429 3819 solent
838 3825 842 3838 ⁸

326 3896 396 3990 Qui
409 3922 486 3972 rere
502 3893 646 3970 sentiunt
660 3921 734 3972 cum
749 3897 796 3970 Pe
820 3925 859 3987 a,
887 3913 919 3974 et
932 3895 1110 3976 defendunt
1131 3891 1233 3996 ejusde

239 4003 366 4065 namet
377 3983 494 4070 cultus,
521 3984 677 4089 polluunt
691 4010 724 4055 se
738 3925 927 4079 idoidlatria
942 4003 974 4060 et
990 3981 1180 4086 blasphemis
1191 4000 1233 4073 opt

241 4071 367 4156 nibus,
386 4071 468 4142 liunt
484 4093 533 4141 rer
550 4069 720 4170 sanguiris
736 4069 887 4166 piorum,
914 4089 998 4168 quos
1013 4077 1082 4184 Pa¹
1156 4075 1233 4158 rseqd

201 4176 204 4184 ’
241 4151 376 4228 laedunt
392 4152 535 4247 gloriam
545 4153 632 4237 Ilei,
662 4169 694 4226 et
705 4149 892 4250 impediunt
903 4157 1043 4228 salutem
1087 4188 1121 4230 cc
1134 4157 1233 4236 esicoq

239 4239 433 4315 confirmant
450 4259 575 4313 erraret
591 4255 626 4312 et
642 4239 769 4332 flagitia
782 4239 828 4317 ad
841 4267 972 4348 onmem
994 4247 1207 4343 posteritatem.

690 4489 696 4522 l
