2610 4900
191 339 267 440 392
299 295 345 438 ’ᾗ
416 405 420 413 f
543 335 797 416 catechismus
812 340 948 444 mej0r.

62 501 66 512 ’
108 599 110 618 Ι
135 571 139 581 ›
162 557 164 562 ’
193 519 312 594 Moab.
327 524 419 593 vlt:
440 520 557 608 Petite,
579 538 612 594 et
627 519 760 599 dabitur
773 519 869 592 vobis
886 535 945 592 ete.
989 514 1185 618 Quicunque
1200 521 1268 592 enim

88 647 90 656 ι
166 606 436 703 ‘petitaecipit
471 606 541 680 'His
553 613 668 702 utique
678 607 951 702 promissionibus
991 622 1098 676 ectora
1114 605 1267 676 nostran-

194 689 324 762 eitanda
343 707 435 762 erant
451 708 484 762 et
496 691 749 777 inflammanda,
776 707 814 760 ut
831 717 906 762 eum
928 631 1097 784 voluptate
1110 723 1113 732 ¹
1125 709 1157 762 et
1179 717 1269 762 amore

99 817 101 824 >
178 779 304 848 Deum
319 775 560 860 invocaremus,
582 801 655 848 cum
676 778 747 880 ipse
769 791 900 848 suomet
927 775 1027 846 verbo
1057 791 1209 846 testatum
1231 776 1269 848 la·

195 859 280 945 eiat,
301 861 363 932 sibi
378 879 505 932 nostras
523 862 684 940 orationes
696 886 842 956 impense
858 864 1000 956 placere,
1015 868 1152 955 easque.
1161 863 1271 931 exaudi-

95 1025 98 1032 ¹
136 979 141 1002 ι
195 961 266 1016 tum
280 945 341 1030 iri,
358 969 403 1015 ,ne
418 945 483 1040 ipsi
499 971 553 1018 cas
566 963 837 1047 respuemusvaut
855 945 951 1014 nihili
967 947 1167 1052 pendamus,
1189 946 1219 1014 in
1231 945 1271 1014 in-

197 1046 321 1100 certum
336 1047 475 1100 orantes.
519 1035 608 1101 Haec
624 1031 728 1121 igitur
739 1030 790 1118 illi
805 1047 899 1125 potes
912 1032 1073 1122 obirem,
1106 1029 1155 1098 ita
1170 1030 1271 1100 dicens:

184 1113 292 1194 ‚renio
306 1115 348 1184 ad
361 1131 410 1198 te,
434 1114 601 1198 carissime
614 1121 729 1197 Pater,
752 1131 899 1200 oratum,
923 1141 990 1184 non
1008 1115 1143 1214 quidem
1161 1143 1197 1184 ex
1212 1139 1272 1209 pro·

64 1268 66 1280 ,
149 1242 151 1248 s
195 1199 272 1296 prio
287 1199 424 1270 arbitrio
439 1216 496 1271 aut
510 1201 702 1298 proposito,
722 1217 779 1300 aut
796 1200 929 1300 propria
953 1201 1111 1288 dignitate
1127 1202 1272 1282 adductus,

87 1575 90 1586 ·
198 1538 258 1638 qui
271 1564 399 1613 summa
415 1565 490 1611 eum
516 1541 618 1614 aflicit
639 1539 851 1625 contumelia,
881 1566 918 1618 ac
940 1566 1016 1610 meu

197 1286 255 1356 'secl
271 1301 328 1354 tuo
345 1302 516 1380 praecepto
531 1309 568 1356 ac
585 1287 747 1381 promisso
767 1302 937 1369 tuellalus,
963 1309 1048 1382 quae
1066 1284 1152 1354 mihi
1169 1309 1273 1379 nequa-

198 1392 298 1462 quam
314 1370 520 1455 mentientur.
561 1377 637 1440 Jam
656 1371 712 1466 qui
729 1370 786 1439 nli
798 1369 1014 1470 promissioni
1030 1371 1132 1440 tillem
1154 1397 1218 1439 non
1231 1370 1272 1437 ha·

197 1451 272 1540 liet,
293 1453 412 1530 iterum
427 1455 525 1541 seiat,
548 1481 583 1525 se
606 1462 716 1526 Deum
737 1457 778 1526 ad
795 1457 1001 1526 iracundiam
1018 1479 1233 1608 Xrevocasse,
1251 1469 1273 1521 ut

1040 1539 1103 1609 acii
1119 1538 1275 1608 insimulet

266 1629 416 1698 ·Praeter
440 1625 519 1696 haee
542 1625 639 1696 etiam
661 1625 724 1696 hoe
744 1625 816 1731 ipse
837 1627 881 1695 ad
899 1625 1062 1698 orandum
1086 1651 1157 1694 non
1171 1625 1274 1694 medie

34 1705 39 1714 ’
89 1721 118 1744 ·’
200 1707 297 1778 eriter
314 1709 489 1804 pellicendi
512 1726 545 1781 et
555 1708 764 1804 pertrahendi
781 1735 943 1802 essemus,
982 1712 1072 1819 quod
1091 1715 1186 1779 Deus
1208 1711 1274 1800 juxte

199 1811 411 1950 graeeeptum
427 1811 459 1863 et
467 1794 720 1890 promissionem
736 1794 834 1865 etiam
850 1811 1021 1866 antevertit
1035 1815 1117 1878 nos,
1141 1794 1210 1890 ipse
1222 1821 1274 1863 ver-

129 1909 135 1919 2
157 1887 162 1900 ¹
189 1909 192 1924 ·
225 1902 244 1946 a
265 1880 449 1949 acmodum
462 1881 688 1968 orandinobis
701 1879 945 1974 praescribens,
966 1905 1003 1950 ae
1017 1879 1110 1950 velut
1124 1903 1274 1974 praeman-

201 1987 274 2032 sum
291 1963 327 2030 in
344 1989 381 2032 os
394 1962 559 2048 inserens,
577 1966 753 2056 *quomodo
776 1981 808 2036 et
830 1967 911 2060 quid
933 1991 994 2035 nos
1018 1971 1115 2034 orare
1142 1979 1274 2058 oporteat,

36 2052 42 2064 '
152 2133 157 2144 ἱ
200 2062 238 2115 ut
251 2045 436 2131 rideamus,
460 2074 560 2148 quam
577 2067 723 2118 amanter
739 2052 914 2120 necessitas
928 2067 1040 2120 nostra
1056 2046 1123 2120 siti
1139 2073 1228 2119 curae
1241 2053 1275 2126 sit,

67 3423 77 3450 ¹
118 3452 123 3463 =
203 3417 267 3484 -tet,
289 3422 429 3498 exponat
442 3415 474 3474 e't
488 3406 682 3478 nominatim
697 3405 906 3505 perstringat,
929 3402 1208 3508 quod'petiturn'qno

200 2157 310 2231 neque
326 2133 395 2202 ullo
411 2151 507 2228 paeto
526 2134 733 2226 dubitemus,
755 2142 880 2204 nostras
896 2134 1060 2204 orationes
1074 2134 1141 2204 sibi
1164 2133 1274 2229 placere,

201 2240 323 2310 easque
341 2233 427 2288 certo
450 2220 606 2304 exaudiri.
661 2223 774 2306 Quare
795 2245 871 2289 sane
895 2219 1076 2302 dominica,
1095 2245 1156 2288 seu
1172 2219 1274 2310 abipso

95 2357 100 2366 ,
203 2300 349 2372 Domino
360 2304 558 2397 praescripta
573 2303 669 2374 nobis
685 2307 788 2376 oratio
798 2303 895 2396 longe
912 2303 1077 2374 antecellit
1091 2305 1206 2373 emises
1218 2303 1275 2371 reli-

203 2411 307 2480 quas,
328 2411 408 2482 quas
423 2387 488 2482 ipsi
503 2390 684 2482 excogitare
704 2415 888 2494 possemus.
937 2389 1069 2478 Etenim
1081 2389 1131 2457 in
1153 2388 1202 2456 his
1221 2413 1275 2480 εοιι-Ι

203 2470 339 2544 seientia
351 2496 478 2566 semper
489 2473 603 2544 futura
618 2490 702 2558 esset
715 2501 750 2543 sn
766 2475 886 2557 dubie,
915 2489 1013 2574 atque
1038 2475 1183 2544 dictura:
1211 2495 1275 2541 oran

205 2555 358 2654 quidem,
380 2557 541 2628 caeteruin
555 2559 692 2650 ignoro,
712 2559 879 2654 quomodo
894 2557 945 2626 illi
957 2557 1130 2653 placuerit,
1154 2575 1207 2628 ant
1221 2583 1275 2624 nun

166 2663 169 2672 ’
202 2638 389 2729 legitimum
405 2643 592 2713 modumac
607 2647 790 2714 mensurum
806 2644 921 2712 orantli
935 2659 1100 2713 assecutus
1113 2643 1186 2714 sim.
1208 2647 1275 2732 Qua-

203 2724 419 2824 propterhac
434 2725 578 2800 nobilior
590 2730 625 2796 in
643 2727 739 2797 terris
752 2753 819 2796 nou
843 2743 952 2822 petest
970 2727 1112 2798 inveniri
1141 2727 1275 2823 precatio,

177 2817 179 2822 '
206 2836 281 2878 eum
304 2825 370 2879 tum
394 2812 560 2904 praeclara
580 2811 698 2883 haheat
719 2812 924 2894 testimonia,
963 2814 1055 2913 quod
1076 2818 1154 2885 Deo
1176 2831 1234 2884 tam
1253 2835 1275 2875 u

205 2895 317 2965 animo
331 2897 484 2984 arrideat,
505 2921 565 2998 pro
582 2922 647 2996 qua
661 2897 760 2970 totius
777 2895 870 2970 orbis
884 2897 1014 2968 divinas
1027 2916 1223 2975 commutare
1230 2919 1273 2963 nou

207 2977 394 3054 debeamus.
483 3005 484 3012 ¹
1037 3007 1038 3010 ’

293 3068 384 3220 (ffuin
403 3066 501 3137 etiam
521 3091 594 3138 eam
616 3067 749 3140 obrem
771 3065 867 3152 certis
892 3067 1000 3140 verbis
1028 3069 1224 3163 praescripto
1237 3077 1274 3144 est,

207 3163 246 3220 ut
266 3149 299 3218 vi
323 3175 449 3236 eamus,
481 3157 517 3224 el.
531 3151 570 3224 'in
592 3151 739 3222 animum
760 3177 948 3222 revocemus
972 3154 1211 3235 necessitatem,
1232 3169 1274 3244 qut

207 3235 251 3304 ad
272 3233 488 3322 indesinenter
515 3237 676 3308 orandum
703 3235 855 3327 seligendi
879 3253 911 3306 et
937 3237 1133 3338 impellendi
1153 3256 1274 3307 essemus.

155 3338 158 3344 “
207 3317 341 3416 Etenim
350 3319 412 3414 ‘qui
426 3345 522 3391 orare
537 3318 688 3406 voluerit,
708 3342 873 3391 necessum
883 3337 942 3407 est,
957 3323 1032 3393 ntis
1046 3319 1175 3420 aliquid
1183 3343 1275 3475 ewor-

1239 3427 1274 3468 n-

202 3487 245 3586 ri
254 3489 306 3573 lit,
328 3495 395 3562 noli
407 3507 514 3585 potest
528 3489 591 3562 elici
604 3492 759 3586 precatio.
788 3495 907 3560 Mento
920 3490 1033 3584 itaque
1049 3495 1211 3584 rejicimus
1224 3511 1274 3557 ou-

73 3579 75 3586 ’
126 3583 128 3590 ’
210 3576 553 3648 tnum'monaehorum
568 3599 604 3644 ec
618 3575 837 3648 sacrificorum
851 3575 1115 3658 haetenusfactas
1132 3581 1273 3648 orationes.

155 3664 161 3724 7
213 3657 270 3750 qui
283 3657 343 3726 diu
359 3660 489 3758 quidem
504 3684 542 3728 ae
555 3673 653 3730 noctu
666 3659 827 3746 laboriose
840 3661 1018 3736 admodum
1026 3660 1159 3750 ululant·
1167 3678 1197 3730 et
1208 3680 1273 3750 mue

108 3747 109 3754 '
210 3757 360 3827 muraut,
383 3759 417 3812 at
429 3743 559 3843 interim
573 3743 681 3814 nullu's
693 3769 807 3824 eorum
822 3769 968 3838 unquam
989 3747 1039 3816 vel
1054 3739 1273 3841 pro'titivillitn

213 3851 306 3898 orare
322 3827 472 3912 decrevit,
495 3829 566 3902 etsi
584 3829 618 3904 in
635 3829 859 3904 unum‘loenm
876 3855 988 3906 omnes
1004 3831 1168 3900 Ecclesiae
1180 3826 1273 3898 ruden-

211 3911 296 3984 tium
312 3913 483 3984 asinorum
496 3913 645 3988 officinae
658 3924 814 4004 unacum
829 3913 897 3984 toto
914 3916 1060 3986 omnium
1077 3915 1273 4009 religiosorum

212 3995 359 4068 examine
377 4011 668 4092 congregarentur,
687 4021 754 4066 non
776 3999 910 4094 possent
930 4027 998 4071 non
1015 4003 1133 4084 fateri,
1161 4024 1191 4070 re
1210 4015 1271 4062 nun·

239 4107 314 4152 uam
330 4108 369 4156 es
385 4087 498 4166 corde,
519 4083 571 4154 vel
587 4085 649 4182 pro
665 4081 803 4152 minima
819 4083 889 4152 vini
908 4083 1037 4176 guttula
1058 4092 1165 4156 Deum
1183 4097 1271 4172 erasa·

213 4107 263 4240 lle
288 4192 327 4236 ue
342 4167 428 4240 euim
445 4168 620 4264 quisquam
643 4166 779 4238 illorum
800 4193 845 4237 un
869 4193 945 4238 uum
967 4187 1025 4241 eut
1046 4173 1112 4241 Dei
1126 4164 1271 4238 obedienta

185 4265 188 4272 ⁴
214 4192 472 4343 ediceremus
488 4254 552 4330 lide
566 4251 793 4355 promissionis
806 4193 960 4354 pellectus
979 4279 1074 4346 orare
1097 4249 1212 4333 entus,
1228 4265 1269 4311 ne-
