2618 4902
109 312 229 439 ,itia
385 362 403 462 ⁸⁴
545 327 822 452 '‘Analogia

162 535 240 597 'seu
253 521 461 618 iegeuerari‚
490 522 518 598 si
564 518 648 596 iicet
664 541 696 598 et
711 518 819 617 justos
835 523 1047 621 pronuntiari
1060 545 1120 598 seu
1131 507 1297 622 reputari.

182 615 336 707 Utroque
352 610 441 689 enim
458 637 514 682 mo
576 609 723 704 loquitur
740 612 800 681 scri
826 627 907 680 tura.
940 613 1016 682 ideo
1031 609 1177 704 primurn
1195 612 1296 680 voiu-

141 783 143 786 .
181 721 255 768 mus
274 695 337 770 hoe
360 693 544 782 ostendere,
576 693 760 793 quodsoia
779 633 858 765 tias
877 722 914 764 er
928 697 1050 788 injusto
1074 697 1205 788 justum
1224 697 1296 764 eiii-

180 779 262 866 ciat,
284 781 346 850 hnc
365 797 429 868 est,
449 780 517 849 neci
545 777 588 850 iat
604 779 831 851 reunssionem
872 797 1064 850 eecatorum.
1116 813 1121 824 ·

92 909 95 926 ·
185 862 190 872 ⁴
266 864 420 938 Ostendit
438 889 519 960 quos
564 864 784 960 mparticuia.
809 805 1172 951 soiit,'cttmeti'aulus
1188 866 1295 936 dicat:

109 1013 112 1029 ,
180 951 389 1024 Arbitrantur
403 948 752 1042 hominemjustificari
769 951 843 1032 iide,
864 971 931 1018 non
948 975 986 1018 ex
1001 949 1166 1044 operibus.
1217 957 1296 1020 item

180 1041 211 1110 E
236 1034 372 1117 hesim.
414 1033 624 1104 Dei·donum
642 1051 708 1117 est,
731 1055 861 1108 nonest
883 1033 993 1117 vohis,
1023 1052 1129 1128 neque
1152 1061 1197 1102 ex
1216 1064 1305 1131 ope-¹

136 1203 138 1210 ,
180 1063 354 1204 diusmo
372 1118 446 1215 quis
462 1117 629 1188 olorietur.
673 1125 754 1188 item
771 1125 867 1190 Rom.
883 1123 940 1190 111.
984 1121 1305 1212 Graiisjustiircati.'

183 1207 221 1276 Si
236 1203 385 1300 displicet
398 1175 561 1274 erciirsiva
577 1201 666 1286 sola,
688 1193 804 1274 toliant
824 1204 920 1275 etiam
942 1225 981 1272 ex
997 1203 1106 1295 Paulo
1129 1204 1213 1275 iiius
1244 1233 1295 1276 er-

182 1285 321 1362 eiusivas
338 1289 448 1378 gratis,
469 1311 536 1359 non
552 1309 590 1358 ex
605 1289 777 1383 operibus,
790 1290 924 1358 'douram
940 1303 997 1372 est,
1021 1306 1078 1360 etc.
1122 1295 1221 1359 Nam
1240 1290 1296 1360 hae

56 1360 58 1370 ¹
157 1380 249 1476 'qun
275 1371 610 1445 uesuntexciusivae.
655 1372 870 1442 Excludimus
886 1390 995 1443 autem
1012 1374 1210 1468 opinionem
1225 1403 1293 1444 me·

184 1477 250 1530 rrtr.
304 1485 345 1526 on
361 1457 561 1536 excludimus
574 1457 712 1528 verbum
726 1475 784 1534 aut
792 1463 1008 1541 Sacramenta,
1029 1475 1066 1528 ut
1081 1460 1294 1530 calumnian-

181 1562 236 1616 tur
256 1541 452 1620 adversariis
480 1537 651 1612 ¹Dirimus
667 1543 757 1612 enim
780 1567 897 1639 supra,
919 1542 1022 1611 fidem
1041 1569 1080 1612 ex
1092 1545 1203 1614 verbo
1215 1558 1294 1634 'eou-

183 1629 258 1724 cipi.
307 1635 357 1698 Ac
377 1628 484 1697 muito
500 1628 639 1696 maxime
661 1651 817 1698 ornamus
841 1627 1058 1714 ministerium
1080 1625 1188 1701 verbi.
1237 1635 1294 1700 Di·

182 1714 278 1785 ieetio
296 1709 393 1784 etiam
412 1729 443 1782 et
464 1735 566 1808 opera·
579 1711 673 1806 sequi
687 1713 784 1784 fidem
800 1713 935 1798 debent,
968 1737 1070 1816 quare
1087 1735 1155 1782 uon
1173 1714 1230 1784 sic
1244 1743 1294 1786 ex-

182 1799 375 1881 cluduntur,
404 1823 445 1866 ne
462 1805 666 1890 sequantur,
690 1797 748 1866 sed
766 1793 885 1868 fiducia
906 1796 1016 1868 menti
1034 1797 1231 1870 dilectionis
1247 1817 1293 1868 aut

182 1907 320 2040 sperum
336 1880 372 1952 in
389 1880 617 1976 justificatione
632 1881 824 1953 excluditur.
875 1881 976 1978 idque
991 1882 1159 1978 perspicue
1180 1903 1294 1958 osten·

207 1992 310 2039 emus.
913 2013 915 2020 ›

273 2155 384 2256 Quod
398 2155 661 2244 remissionem
682 2171 931 2260 peccatorum
958 2160 1038 2235 sola
1061 2157 1137 2235 fide
1170 2161 1219 2236 in

450 2297 453 2302 ·
479 2260 666 2352 Christum
681 2287 963 2363 consequamur.

236 2493 245 2510 .
265 2401 380 2509 Fate'ri
392 2407 491 2480 etiam
516 2405 718 2509 adversatios
742 2408 962 2509 existimamus
970 2403 983 2492 ,'
1010 2407 1099 2504 quod
1116 2404 1152 2478 in
1173 2411 1295 2482 'ussit

182 2509 310 2566 canone
353 2521 474 2563 rnnum
489 2496 668 2564 necessaria
684 2495 1116 2590 sttrcmissropeccatorum.
1211 2519 1295 2566 mnes

181 2577 270 2650 enim
286 2519 352 2650 sui
364 2597 493 2673 peccato
510 2601 633 2647 sumus.
677 2581 790 2666 (Quare
809 2580 855 2649 sic
872 2595 1160 2670 argumentamur,

267 2662 435 2766 Consequi
454 2663 680 2735 remissionem
700 2679 924 2758 peccatorum,
947 2681 995 2732 est
1011 2663 1188 2756 justificari
1208 2669 1296 2762 juxta

181 2747 283 2820 illud:
305 2752 401 2818 Beatr
417 2771 557 2842 quorum
571 2746 726 2817 remissae
741 2765 817 2818 sunt
831 2748 877 2816 ini
903 2748 1030 2817 uitates.
1079 2753 1081 2761 ’

195 2847 198 2858 '
269 2831 350 2902 Sola
369 2831 433 2902 fide
456 2830 490 2900 in
508 2831 696 2918 Christum,
719 2854 786 2900 non
803 2836 862 2928 per
881 2774 1102 2915 iiicctionem,
1123 2859 1203 2903 non
1221 2861 1296 2932 pro·

182 2935 256 3016 pter
269 2916 477 2986 dilectionem
492 2933 549 2986 aut
569 2941 684 3011 opera,
707 2918 948 3014 consequimur
962 2916 1199 2990 remissionem
1221 2950 1296 3020 pec⁴

182 3019 351 3086 catorum,
379 3001 439 3071 etsi
455 3001 585 3072 dilectio
600 3002 746 3095 sequitur
760 3002 867 3074 iidem.

219 3111 221 3118 ·
268 3085 372 3180 Igitur
385 3086 455 3157 sola
470 3085 533 3158 iide
541 3087 770 3241 justificamur,
788 3085 1296 3192 intelligentiojustiiicationem

182 3197 221 3244 ex
239 3170 361 3241 iu'usto
377 3173 500 3264 justum
522 3172 624 3253 eiici,
648 3191 702 3242 seu
719 3199 752 3240 re
779 3195 931 3250 euerarr:r
1019 3221 1022 3228 -
1230 3206 1235 3216 ’

266 3199 377 3328 itiner
394 3255 440 3350 ita
457 3256 553 3327 facile
568 3257 688 3352 poterit
704 3193 880 3344 decimari,
903 3258 930 3328 si
945 3253 1096 3340 sciamus,
1119 3261 1297 3358 quomodo

181 3344 239 3412 {iat
251 3339 403 3411 remissio
419 3357 635 3436 peccatorum.
679 3340 866 3414 Adversarii
879 3341 1091 3436 frigidissime
1107 3342 1298 3446 disputant,

182 3443 292 3498 utrum
305 3425 372 3494 sint
388 3449 452 3494 una
467 3425 604 3498 mutatio
617 3427 765 3496 remissio
778 3443 1000 3522 peccatorum,
1025 3443 1056 3496 et
1069 3425 1204 3496 iniusro
1224 3451 1299 3522 gra-

182 3511 257 3584 tiae.
294 3509 405 3580 Otiosi
421 3509 590 3592 homines,
610 3505 692 3606 quid
708 3511 867 3597 dicerent,
889 3537 955 3582 non
971 3510 1146 3581 habebant.
1185 3517 1233 3582 ln
1248 3541 1298 3582 re

159 3599 162 3612 '
182 3595 338 3666 missione
353 3611 559 3690 peccatornm
567 3612 695 3690 oportet
708 3599 742 3664 in
752 3593 996 3668 cordibus‘tiuci
1008 3611 1148 3665 terrores
1154 3597 1298 3690 peccati.

181 3697 215 3751 et
229 3680 343 3752 mortis
357 3695 522 3762 aeternae,
544 3679 627 3749 sicut
649 3679 773 3749 Paulus
790 3697 925 3750 testatur
942 3711 968 3749 ι.
979 3683 1057 3750 Cor.
1075 3684 1152 3749 XV.
1208 3687 1299 3752 Acu-

183 3763 254 3835 leus
267 3763 382 3834 mortis
397 3781 565 3859 peccatum
582 3779 639 3834 est„
689 3766 838 3834 Potentia
855 3785 931 3836 vero
951 3764 1072 3860 peccati
1091 3763 1152 3832 lex.
1207 3771 1299 3836 Gra·

182 3847 230 3920 tia
246 3864 355 3918 autem
370 3853 473 3924 Deo‚·
490 3847 548 3946 qui
570 3849 628 3918 dat
642 3845 737 3920 nohis
759 3848 929 3921 victoriam
950 3847 1213 3946 perDominum
1237 3877 1300 3920 no·

181 3939 407 4005 strum-iesum
415 3933 593 4006 Christum.
636 3933 676 4002 ld
688 3950 763 4026 est,
779 3950 945 4031 peccatum
967 3932 1198 4030 perterrefacit
1215 3959 1299 4005 con·

181 4017 355 4103 scientias,
376 4018 413 4089 id
427 4018 463 4089 iit
477 4017 538 4114 per
551 4019 668 4111 legem,
692 4043 776 4114 quae
793 4019 933 4091 ostendit
950 4022 1034 4088 iram
1051 4015 1115 4088 Dei
1134 4017 1301 4088 adversus

181 4119 365 4202 peceatum,
394 4103 453 4172 sed
475 4103 638 4174 vincimus
654 4104 920 4200 per·Christum.
985 4103 1192 4206 Quomodo?
1224 4105 1301 4180 fide,

182 4199 258 4259 c'um
280 4189 436 4280 erigimus
459 4213 520 4260 nos
546 4189 665 4260 fiducia
684 4190 864 4350 gnomissae
888 4187 1128 4260 misericordiae
1178 4207 1302 4288 reptet

183 4273 364 4350 Christum.
390 4323 400 4352 t
422 4272 478 4348 sic
501 4273 603 4369 igitur
624 4299 687 4374 pro
712 4298 805 4346 amus
828 4274 1001 4348 minorem.
1022 4294 1029 4304 ·
1057 4277 1113 4344 Ira
1169 4297 1205 4348 er
1231 4299 1301 4344 non
