2610 4892
868 59 882 88 Ι

307 124 322 154 ,Ι

62 326 64 334 ·
187 271 265 375 456
436 281 439 296 ’
517 275 693 360 Forniula
715 255 964 382 ,Concordiaei

276 471 338 538 tv,
374 457 703 558 'Evangelium'vero
726 467 860 564 proprie
884 467 1158 540 doctrinam'esse
1179 491 1264 540 cense-

190 577 284 638 mus,
306 578 391 648 quae
406 555 534 640 doceat,
558 554 639 649 quid
652 551 752 624 homo
768 555 896 624 credere
912 553 1046 636 debeat,
1071 554 1128 647 qui
1142 551 1171 621 le
1193 555 1203 619 ἰ
1218 555 1265 624 Dei

190 665 260 710 non
284 638 454 722 satisfecit,
479 639 651 710 etidcirco
670 665 731 730 per
755 637 890 709 eand'cm
911 637 1102 712 damnaturi
1132 577 1265 716 videlicet,

193 725 286 820 quod
299 723 392 793 illum
412 723 540 793 eredere
563 739 728 823 oporteat,
758 725 873 791 Jesum
893 723 1061 794 Christum
1085 721 1191 792 omnia
1211 747 1267 816 pec·

78 881 81 888 ,
193 827 264 879 cata
274 809 438 910 expiasse,
451 824 556 907 ,atque
571 824 632 902 p'ro
646 833 691 874 iis.
703 808 915 891 satisfecisse,
938 825 970 878 et
987 807 1267 898 reniissionempec-

137 957 141 965 t
193 910 360 976 catorum,
398 893 540 965 ustitiam
558 911 674 962 corani
688 895 760 962 Deo
774 894 1001 974 consistentem
1024 907 1056 960 et
1070 893 1170 962 vitam
1186 907 1267 960 aeter·

101 1001 104 1014 ·
193 1003 288 1062 uam,
325 976 416 1050 nulo
438 976 671 1049 interveniente
697 977 881 1074 peccatoris.
899 977 987 1046 illius
1011 979 1154 1062 merito,
1186 977 1267 1072 impe-

193 1079 306 1133 trasse.
425 1079 430 1086 “
464 1082 467 1090 ’
808 1127 810 1136 ,
925 1105 929 1112 ,

279 1169 320 1232 V.
363 1167 450 1234 Cum
475 1181 581 1232 autem
608 1164 804 1235 vocabulum
834 1161 1046 1256 (Evangelii)
1072 1189 1143 1235 non
1170 1187 1268 1254 semper

193 1251 230 1320 in
243 1251 501 1341 una'oademque
518 1249 750 1332 sirpilicationc
770 1257 805 1318 in
821 1274 912 1319 sacra
928 1251 1088 1340 scriptura
1111 1263 1268 1343 usurpetur,

142 1363 145 1368 ¹
194 1337 329 1410 undeet
346 1333 503 1404 dissensio
520 1305 581 1402 illa
595 1335 738 1428 primum
762 1351 834 1404 orta
851 1352 915 1411 est;
944 1333 1124 1416 credimus,
1148 1333 1268 1404 docemu

76 1505 81 1514 .
105 1437 108 1442 '
130 1485 132 1490 ,
195 1421 445 1518 etrcoufitemur,
469 1417 496 1487 si
511 1419 703 1490 vocabulum
722 1419 938 1520 (Evangelii)
957 1418 996 1488 de
1011 1436 1078 1490 tota
1093 1417 1217 1489 Christi
1229 1419 1268 1484 do·

195 1507 298 1573 ctrina
312 1505 509 1607 accipiatur,
533 1529 631 1598 quam
647 1503 716 1598 ipse
730 1531 764 1581 in
777 1507 960 1574 ministerio
979 1519 1039 1574 suo
1060 1503 1268 1606 (quemadmo-

99 1651 101 1660 .
196 1588 277 1658 dum
299 1606 331 1658 et
353 1589 614 1682 epushpostoli)
636 1589 803 1682 professus
818 1606 883 1672 est,
908 1589 966 1678 (in
984 1615 1049 1682 qua
1066 1587 1270 1690 significatione

195 1678 299 1743 Marc.
314 1681 339 1742 l.
355 1691 385 1744 ot
398 1679 467 1742 Act.
483 1679 557 1742 XX.
572 1700 634 1742 vox
650 1673 709 1742 illa
726 1681 925 1776 usurpatur)
941 1692 1025 1744 recte
1042 1675 1110 1750 dici
1130 1692 1162 1744 ot
1183 1669 1269 1746 docui,

195 1757 415 1848 Evangelium
440 1783 508 1828 esse
528 1758 726 1845 concionem
754 1761 794 1830 de
820 1759 1020 1854 poenitentia
1046 1776 1079 1830 et
1113 1759 1270 1829 remissione

195 1861 412 1938 peccatorum.
878 1852 880 1860 ’

282 1951 339 2024 Vl.
386 1951 530 2036 Quando
554 1975 632 2048 vero
657 1956 723 2022 Lex
744 1931 1034 2050 etllvangelium,
1072 1947 1159 2017 sicut
1179 1961 1209 2014 et
1226 1945 1271 2095 ipse

197 2033 346 2122 Moyses,
369 2047 405 2102 ut
417 2035 531 2106 doctor
548 2039 668 2125 Legis,
690 2052 722 2104 et
738 2033 908 2117 Christus,
930 2049 967 2100 ut
984 2035 1100 2102 doctor
1116 2037 1240 2120 Evange
1251 2055 1271 2120 i,

77 2183 81 2194 ,
135 2179 138 2184 ,
196 2117 282 2185 inter
308 2143 341 2186 se
367 2121 595 2190 conferuntur:
643 2123 822 2206 credimus,
855 2120 1006 2188 docemus
1039 2133 1071 2187 et
1101 2118 1271 2192 confitemur,

199 2203 288 2292 quod
306 2205 525 2295 Evangelium
541 2231 608 2274 non
624 2208 666 2274 sit
680 2203 790 2275 concio
804 2202 1040 2298 poenitentiae,
1063 2215 1206 2292 arguens
1220 2225 1271 2294 per-

141 2313 159 2326 ·’
198 2300 285 2355 cata:
318 2291 374 2358 sed
397 2291 486 2384 quod
501 2295 635 2385 proprie
653 2289 737 2358 nihil
762 2289 854 2360 aliud
876 2287 936 2373 sit,
966 2295 1064 2380 quain
1086 2285 1272 2358 laetissimum

198 2373 363 2464 quoddam
381 2376 538 2444 nuncium
549 2391 561 2458 ,¹
581 2391 614 2444 et
637 2376 747 2444 concio
788 2375 861 2445 lena
885 2370 1143 2456 consolationis,
1166 2393 1272 2440 nouar-

99 2477 103 2486 “
197 2481 299 2546 guens
316 2475 373 2529 aut
386 2477 524 2530 terrens:
560 2399 825 2554 quandoquidiim
840 2451 1062 2536 conscientias‘
1072 2475 1185 2528 contra
1199 2473 1271 2525 terro

122 2588 126 2606 .
197 2565 251 2610 res
265 2545 361 2632 Legis
379 2544 521 2626 solatur,
540 2569 660 2636 easque
678 2545 712 2613 iii
726 2545 879 2631 meritum
896 2543 997 2614 solius
1006 2534 1133 2614 Christi
1146 2541 1272 2634 respicere

197 2625 310 2716 jubet,
334 2645 366 2696 et
386 2628 572 2698 dulcissima
588 2630 835 2730 praedicatione
851 2629 897 2700 ¹de
917 2630 1024 2719 gratia
1046 2645 1080 2701 et
1101 2629 1271 2702 savorcllei,

103 2783 106 2806 Ι
198 2735 258 2804 per
273 2711 425 2797 meritum
444 2714 569 2800 Christi
586 2731 782 2808 impetrato,
804 2738 917 2782 rursus
932 2715 1038 2805 erigit.

285 2832 377 2900 VH.-
405 2834 506 2920 Quod
529 2857 607 2901 vero
627 2835 670 2902 ad
694 2817 1069 2930 revelationcm'peccati
1093 2820 1222 2928 attinet,
1245 2823 1272 2894 sit

199 2939 267 2986 sese
288 2941 339 2986 res
361 2914 495 2999 hahent.
539 2915 662 2991 V'clum
692 2919 775 2987 illud
797 2918 921 3010 Moysis
952 2918 1100 2997 omnium
1133 2917 1271 3008 homiuuii

130 3047 137 3056 -
199 2999 304 3070 oculis
323 3018 372 3072 est
388 3004 581 3086 obductum,
595 3004 762 3098 ,quamdiu
780 3003 883 3074 solam
905 3001 1008 3092 Legis
1019 3004 1221 3088 concionem,
1239 3023 1272 3064 nt·

48 3125 54 3135 ·
86 3117 90 3138 i
199 3081 247 3154 hil
267 3104 376 3156 autem
391 3088 431 3156 d‘e
450 3088 583 3164 Christo
594 3089 751 3158 ‘audiunt
796 3095 910 3190 ltaque
931 3105 1062 3183 peccata
1082 3113 1150 3157 sua
1167 3091 1271 3170 exlege

126 3213 129 3220 ·
199 3193 268 3248 nori
284 3197 359 3272 vere
377 3189 573 3261 agnoscunt:
607 3175 664 3242 sed
678 3191 735 3244 aut
750 3172 938 3268 hypocritae
961 3173 1058 3254 fiunt,
1079 3173 1138 3269 qui
1162 3165 1271 3263 justitiae

133 3283 136 3294 ·
198 3277 352 3362 propriae
370 3258 524 3358 opinione
538 3274 686 3353 turgent,
709 3265 822 3354 quales
837 3258 919 3328 olim
933 3275 1027 3326 crant
1039 3256 1222 3336 Pharisaei,
1235 3262 1270 3347 atti

199 3366 235 3412 iii
259 3358 396 3434 peccatis
418 3369 483 3412 suis
507 3343 697 3446 desperant,
728 3346 817 3444 quod
832 3343 937 3412 Judas
962 3345 1114 3436 proditor
1135 3342 1192 3411 ille
1213 3339 1271 3406 terii

65 3435 69 3444 '
166 3487 167 3492 ,
199 3431 285 3498 Eam
302 3427 343 3496 oh
358 3451 487 3496 causam
497 3427 648 3498 Christus
664 3445 782 3498 sumsit
794 3412 975 3519 sihilegem
992 3421 1210 3520 explicandam
1223 3419 1270 3514 spi·

171 3577 174 3582 ,
199 3509 382 3598 ritualiter:
418 3529 450 3582 ct
471 3511 533 3582 hoc
558 3514 657 3582 modo
680 3512 730 3582 ira
752 3515 816 3582 Dei
839 3513 878 3582 de
907 3513 999 3581 co'elo
1023 3512 1183 3581 revelatur
1203 3525 1270 3599 super

201 3611 529 3689 omues'peccatores‚
546 3613 582 3666 ut
595 3623 671 3666 vera
686 3599 765 3689 legis
781 3599 941 3668 sententia
956 3596 1137 3680 intellecta,
1155 3589 1269 3664 animad-

133 3705 159 3718 ’·
200 3696 364 3762 vertatur,
387 3699 507 3782 quauta
531 3682 573 3750 sit
589 3683 647 3750 illa
669 3684 728 3758 ira.
773 3689 817 3751 Et
836 3683 883 3750 sic
906 3683 1038 3756 domuin
1053 3699 1229 3776 ¹peccatores
1243 3666 1269 3738 al

115 3818 118 3824 ι
200 3765 307 3854 legem
324 3766 452 3836 remissi
471 3793 545 3834 vere
567 3783 599 3834 et
624 3784 710 3838 recte
732 3783 861 3863 peccata
880 3791 939 3836 sua
961 3782 1148 3856 agnoscunt.
1186 3758 1269 3855 Talon

200 3858 279 3918 v'ero
291 3867 497 3950 peccatorum
510 3843 713 3938 agnitionem
729 3854 820 3928 solus
836 3857 969 3956 Mpyscs'
985 3877 1156 3950 nunquam
1169 3875 1202 3918 ox
1213 3846 1269 3940 ipslt

173 3969 176 3976 ¹
201 3951 391 4027 extorquere
406 3951 574 4030 potuisset.

121 4121 125 4130 1
259 4039 374 4105 ΎΙΙΙ.
418 4036 490 4106 Etsi
507 4036 609 4126 igitur
622 4036 735 4107 concio
752 4035 812 4106 illa
825 4039 863 4107 de
901 4010 1267 4120 assioneeturoriectri3

201 4119 261 4202 sti,
279 4119 339 4202 lilii
355 4120 438 4203 Dei,
459 4121 685 4222 severitatiset
698 4123 828 4192 terroris
845 4063 941 4218 pitina
976 4139 1022 4206 st,
1042 4147 1125 4225 quac
1141 4121 1211 4190 iram
1223 4118 1267 4180 llffl

131 4281 132 4290 χ
183 4205 356 4294 ,adversus
370 4222 503 4303 peccata
519 4209 679 4294 ostendit,
701 4209 788 4280 uude
813 4209 945 4280 demum
992 4232 1119 4280 omines
1138 4205 1176 4278 ad
1188 4202 1264 4290 legen
