2618 4902
254 431 282 468 a
421 343 717 441 ’(ἶοιιΐεεείοιιίε.Ι
915 435 919 444 ,
1027 385 1096 457 107
1199 457 1203 468 1

10 544 91 614 catio
105 541 144 612 ad
160 543 257 612 fidem
282 539 428 623 tertinet,
457 543 503 612 ita
546 542 661 612 ertinet
690 542 732 610 ad
754 541 848 610 [idem
871 539 1100 610 vitaaetcrna.

10 636 54 698 Et
69 634 177 696 Petrus
192 630 252 697 ait:
312 645 495 721 eportantes
522 655 607 696 ruem
624 647 688 696 'seu
707 626 849 694 [ructum
871 627 1099 709 hdei'scstrae,

10 714 140 782 salutern
155 713 351 798 animarum.
393 719 549 782 Fateatur
564 711 650 780 enim
669 709 865 800 adversarii,
897 712 985 804 quod
1001 710 1100 802 justi-

9 798 93 869 ficati
106 796 170 865 sint
193 798 252 866 lilii
277 798 358 879 llei,
393 814 425 864 et
450 795 641 869 cohaeredes
668 796 801 865 Christi.
844 800 963 864 Postea
988 819 1102 890 opera,

9 882 88 977 quia
103 882 225 984 placent
238 887 310 951 Deo
326 896 459 977 propter
477 883 583 960 lidem,
606 898 770 950 merentur
786 879 849 947 alia
865 880 1010 974 praemia
1027 905 1102 949 cor-

11 967 139 1063 poraha'
158 984 189 1036 ct
202 967 394 1062 spiritualia.
437 971 545 1066 Erum
564 966 652 1034 euim
676 962 862 1036 discrimina
884 965 1007 1056 gloriae
1025 989 1101 1034 san-

13 1070 148 1122 ctorum.
230 1063 234 1072 ⁴
728 1121 730 1128 ,
966 1061 968 1066 ’
1090 1095 1092 1102 -

98 1137 160 1206 Sed
177 1137 230 1210 hic
251 1137 428 1206 reclamant
452 1133 646 1216 adversarii,
669 1133 777 1212 ,vitam
804 1150 969 1204 aeternam
993 1135 1103 1204 vocari

12 1223 210 1304 mercedem,
238 1219 338 1317 quare
359 1249 486 1292 necesse
504 1219 562 1300 sit,
584 1245 656 1287 cam
673 1221 711 1288 de
735 1221 895 1311 condigno
912 1219 1029 1287 mereri
1046 1246 1104 1316 per

11 1309 97 1376 hona
116 1331 222 1400 opera.
265 1308 411 1376 Breviter
425 1324 457 1376 et
473 1305 567 1399 plane
582 1329 631 1371 res
658 1299 826 1373 ondemus.
868 1305 989 1396 Paulus
1007 1310 1104 1373 Rom.
1127 1341 1130 1356 ·

11 1399 73 1459 Vl.
95 1391 189 1460 vitam
209 1409 376 1461 aeternam
397 1391 520 1461 donum
542 1331 703 1484 appellat,
734 1390 811 1489 qnia
829 1389 947 1458 donata
968 1390 1119 1481 justitia,'
1195 1421 1198 1430 ·

38 1494 145 1570 reptes
167 1475 354 1558 Christum,
373 1475 482 1544 simul
506 1464 664 1544 elhcirhur
688 1473 747 1542 hlir
768 1473 832 1542 Dei
856 1491 887 1542 et
911 1471 1104 1544 cohaeredes

33 1561 161 1642 *hristi,
190 1562 272 1630 sicut
285 1562 331 1630 ait
344 1561 529 1630 Johannes:
570 1561 643 1648 *Qui
661 1559 763 1629 credit
779 1558 812 1626 in
832 1558 973 1640 Filium,
1008 1558 1107 1626 hahet

12 1647 113 1713 vitam
128 1662 300 1714 aeternam.
342 1649 387 1715 Et
401 1645 604 1734 Augustinus
621 1645 759 1740 inquit,¹
777 1660 808 1712 et
824 1642 910 1711 hunc
925 1644 1025 1711 secuti
1048 1643 1107 1710 alii
1143 1681 1145 1688 v

14 1730 111 1798 multi
133 1729 219 1799 idem
240 1731 410 1800 dixerunt:
450 1737 552 1799 Dona
579 1741 637 1798 su'a
668 1745 800 1798 coronat
827 1734 916 1817 Deus
946 1727 981 1795 in
1004 1728 1110 1798 nohis.-

15 1814 104 1885 Alibi
117 1840 192 1883 vero
208 1814 364 1914 scriptum
380 1832 442 1885 est:
485 1819 608 1884 Merces
626 1831 732 1884 vestra
749 1814 880 1906 copiosa
896 1814 959 1882 erit
984 1814 1018 1880 in
1033 1839 1108 1881 coc-

19 1900 73 1968 lis.
115 1903 203 1968 Haec
216 1899 245 1966 si
260 1903 410 1970 videntur
424 1897 624 1969 'adversariis
648 1923 812 1995 pugnare,
843 1897 908 1992 ipsi
928 1893 1107 1995 expediant.

16 1985 85 2054 Sed
96 2009 212 2078 parum
227 1985 321 2080 acqui
332 1985 456 2076 judices
472 2001 563 2067 sunt,
591 2011 667 2054 nam
695 1981 772 2055 doni
794 1983 992 2053 vocabulum
1008 1983 1109 2054 omit·
1138 2014 1140 2020 ·

17 2071 99 2150 tunt,
124 2069 276 2140 omittunt
297 2088 328 2138 et
345 2071 449 2158 fontes
463 2069 565 2138 ¹totius
581 2071 713 2160 negotii,
736 2070 1109 2163 etcxeerpuntvocahu-

16 2155 87 2222 lum
104 2153 270 2238 mercedis,
292 2155 392 2250 idque
406 2154 614 2224 acerbissime
632 2157 897 2250 interpretantur,
918 2176 984 2222 non
1003 2151 1111 2222 solum

16 2255 131 2310 contra
151 2237 357 2330 scripturam,
381 2241 438 2310 scd
459 2240 558 2308 etiam
581 2255 695 2310 contra
713 2239 880 2308 sermonis
901 2236 1111 2306 consuctudi-

16 2349 103 2392 neur.
146 2321 232 2389 Hinc
251 2324 504 2412 ratiocinantur,
527 2323 606 2424 quia
637 2350 759 2394 merces
779 2321 984 2405 nominatur,
1012 2322 1113 2412 igitur

8 2421 237 2500 ¹operanostra
252 2426 329 2476 sunt
343 2407 517 2504 ejusmodi,
542 2434 626 2502 quae
643 2411 781 2478 debeant
794 2432 862 2474 esse
874 2405 1030 2500 pretium,
1051 2433 1112 2500 pro

20 2516 88 2584 quo
110 2491 246 2582 debetur
260 2491 326 2562 vita
343 2510 483 2570 aeterna.
528 2499 612 2562 Sunt
635 2493 738 2584 igitur
759 2491 857 2580 digna
880 2491 984 2581 gratia
1000 2508 1031 2559 et
1045 2493 1113 2560 vita

17 2592 168 2660 aeterna,
192 2601 251 2646 uec
263 2575 410 2670 indigent
423 2579 664 2661 misericordia,
689 2595 746 2648 aut
761 2575 939 2646 mediatore
967 2576 1113 2662 Christo,

18 2677 79 2732 aut
95 2661 184 2730 lide.¹
210 2662 313 2732 Plane
329 2689 414 2733 nova
432 2679 480 2732 est
494 2663 572 2736 haec
583 2664 779 2743 Dialectica:
808 2661 1001 2742 noeahnlmn
1018 2664 1116 2732 audi-

17 2772 95 2816 mus
111 2747 288 2830 mercedis,
317 2747 421 2840 igitur
433 2747 519 2815 nihil
535 2745 616 2842 opus
628 2765 676 2818 est
689 2747 869 2816 mediatore
886 2745 1038 2831 Christe,
1060 2767 1131 2832 aut
1165 2782 1168 2792 ⁴

18 2833 86 2900 fide
110 2832 250 2901 habente
274 2853 438 2902 accessum
469 2833 512 2900 ad
537 2838 646 2902 'Deum
670 2850 803 2927 propter
826 2831 1015 2912 Christum,
1048 2858 1134 2902 non-

19 2928 159 3019 proptet
183 2943 202 2986 ο
227 2934 423 2986 eranostra.
468 2918 552 3004 Quis
581 2942 650 2986 non
677 2919 764 2987 videt
794 2915 873 2985 haec
896 2942 966 2986 esse
994 2917 1117 2988 dread·
1158 2983 1162 2992 ,
1215 2945 1217 2950 ·

22 3008 156 3068 teutho?
234 3026 270 3068 os
280 3027 355 3072 mon
372 3001 519 3071 rixamur
542 2999 758 3081 devocahulo
782 3001 949 3070 mercedis.
991 3008 1042 3070 Dc
1057 3003 1119 3072 hac

22 3111 58 3152 re
77 3083 257 3170 litigamnsr
294 3101 405 3154 utrum
423 3083 546 3158 hona'o
573 3113 648 3170 era,
673 3085 734 3182 per
754 3087 787 3155 se
805 3085 872 3168 sint
891 3085 991 3172 digna
1013 3091 1120 3174 gratia

23 3185 57 3238 et
83 3169 321 3248 vitaaeterna,
356 3195 400 3238 an
419 3199 496 3240 vero
523 3111 671 3266 plhccant
701 3167 828 3241 tanturn*
878 3173 1137 3264 ropertidem,

21 3259 144 3348 qnaea'
168 3251 338 3348 prehendit
351 3255 562 3326 mediatorem
581 3257 775 3334 Christum?
809 3195 998 3324 Aditcrsarii
1014 3257 1122 3327 nestri

23 3365 93 3409 non
112 3277 218 3408 solum
242 3337 304 3407 hoc
325 3342 472 3411 trihnunt
493 3342 663 3436 operibus,
694 3342 784 3436 quod
808 3340 874 3408 sint
897 3340 994 3430 digna
1016 3343 1122 3435 gratia

23 3441 56 3492 et
71 3424 147 3492 vita·
165 3439 316 3506 aeterna,
336 3425 543 3519 sed‘hngunt
564 3427 679 3507 etiam,
711 3429 801 3520 quod
819 3427 935 3494 merita
956 3428 1122 3522 supersint

24 3509 111 3592 sihi,
167 3534 226 3578 uae
240 3511 361 3578 donare
376 3508 528 3606 aliis„'et
543 3512 720 3603 justificare
735 3511 817 3581 alios
855 3527 970 3592 ueaut,
990 3529 1031 3580 ut
1047 3538 1123 3581 cum
1140 3525 1143 3534 ¹

22 3537 183 3664 Monachi
201 3615 337 3662 suorum
356 3597 508 3664 ordinum
523 3596 637 3664 merita
655 3597 799 3675 vendunt
818 3535 902 3688 aliis.
943 3599 1029 3666 Haec
1042 3623 1124 3690 por·
1226 3625 1231 3636 ¹

24 3685 122 3746 tenta
135 3679 204 3748 Chr
227 3677 340 3772 sippeo
356 3697 669 3762 more-coacervant,
694 3679 760 3749 'hac
780 3706 845 3750 una
868 3705 943 3748 voco
966 3682 1125 3752 mercedis
1175 3693 1189 3710 ‘

27 3762 152 3831 audita.
234 3789 321 3832 erces
344 3762 546 3858 appellatur,
575 3764 679 3855 igitur
704 3765 861 3836 habemus
889 3790 1005 3857 opera,
1040 3765 1126 3860 quae

28 3862 110 3914 sunt
128 3845 290 3942 pretium,
319 3871 380 3941 pro
399 3873 465 3942 quo
493 3850 626 3919 debetur
648 3859 788 3931 merces,
820 3851 832 3918 i
856 3851 923 3920 itur
946 3877 1045 3946 opera
1068 3876 1126 3946 per

28 3954 125 4026 sese,
152 3957 218 4000 non
233 3950 369 4026 propter
382 3932 597 4002 mediatorem
622 3933 787 4006 Christum
809 3878 948 4030 placent.
969 3956 970 3964 ¹
992 3942 1127 4006 Etcum

26 4015 120 4111 altus
139 4014 206 4082 alio
221 4018 316 4106 plura
332 4019 597 4100 ltaboatmerita,
626 4018 636 4085 i
663 4019 728 4088 itur
742 4020 938 4115 quibusdam
954 4039 1129 4113 supersunt
1215 4069 1218 4076 ·

29 4109 168 4181 rnerrt‘a,
197 4117 228 4167 et
243 4100 321 4171 haec
336 4099 451 4171 meiito
473 4103 593 4192 donare
615 4045 849 4197 aliis.possuut
873 4103 949 4186 isti,
978 4105 1036 4198 qui
1055 4109 1152 4180 'rere--¹

26 4201 157 4254 rentur.
200 4188 295 4254 Mane
311 4185 427 4270 lector,
456 4190 603 4256 nondum
627 4187 725 4256 hahes
747 4205 850 4262 totum
872 4190 1014 4284 Soriten.
1057 4190 1143 4270 Ad„

26 4272 139 4357 denda
155 4285 234 4342 sunt
248 4273 338 4345 enim
354 4290 439 4344 certa
454 4277 661 4352 Sacramenta
683 4271 1008 4362 huiesjdonatronis,
1037 4299 1139 4360 mor-y
1191 4305 1194 4310 ·
