2658 4892
147 457 154 476 ,
203 331 240 362 Ἀ
310 369 487 458 Formulo
503 380 746 456 Concordiae.
795 433 798 470 ,
847 431 854 444 f·
887 469 889 475 k
938 415 945 480 χ
1021 377 1096 454 623

13 585 165 640 eternam.
207 565 271 638 Hie
286 557 372 636 vero*
390 564 545 638 omnibus
566 560 759 635 bominibus
790 559 849 630 abs
873 583 915 628 ue
937 556 1009 627 ullo
1023 559 1098 632 dis-

13 651 124 724 imine
138 651 229 727 testis
243 649 533 748 'locupletissimus
554 664 622 732 est,
653 647 737 717 banc
758 670 829 745 esse
906 648 918 712 i
940 642 1111 746 volunta..-

15 767 69 824 m,
99 753 139 808 ut
162 762 275 809 omnes
301 735 453 806 bomiues
474 737 517 805 ad
545 733 715 806 Christum
739 745 893 820 remant,
937 749 997 823 qur
1018 758 1098 826 pec-
1177 769 1181 790 ·

13 823 65 894 nis
89 822 220 910 gravati
248 837 282 893 et
311 821 435 892 onerati
455 835 550 906 sunt,
587 819 635 894 ιιι
653 817 696 904 ab
721 816 807 914 ipso·
824 831 1034 902 recreentur,
1062 829 1121 910 et
1182 851 1192 908 ς
1252 805 1255 829 ’

13 909 317 1070 dnillaadlldoetrina
340 949 469 1068 llhristi
487 1004 660 1088 percepta,
679 991 788 1089 vitam
810 977 1041 1090 emendem&
1063 1005 1097 1059 et
1130 997 1136 1048 ἶ

13 1082 318 1174 impoenitentiam
331 1101 493 1181 egemus,
523 1093 558 1146 et
575 1076 789 1172 promissioni
812 1097 885 1176 ers
910 1073 1096 1168 credamus,
1195 1109 1197 1114 ‚
1268 1057 1310 1084 '¹

13 1179 314 1260 tamquenostram
329 1190 365 1232 ιιι
378 1188 491 1258 ipsum
508 1163 660 1232 fiduciam
675 1157 884 1231 collocemus.
929 1158 1113 1245 Quietem

13 1249 120 1320 »haec
131 1249 253 1320 nostris
271 1248 399 1318 viribus
416 1264 501 1320 etex
515 1243 714 1340 nobisipsis
734 1260 899 1338 praestare
919 1267 988 1336 non
1012 1269 1116 1338 pose.
1187 1277 1189 1288 ¹

13 1360 117 1418 rmus,
140 1331 282 1432 Spiritus
299 1349 429 1404 sanctus
446 1332 520 1428 ipse
534 1356 596 1428 per
619 1330 759 1401 verbnm
781 1345 814 1400 et
835 1345 1039 1426 sacramenta
1059 1330 1097 1400 in

13 1420 81 1490 obis
97 1419 333 1516 poenitentiam
348 1435 380 1489 et
396 1419 495 1488 fidem
513 1416 585 1486 rult
599 1418 740 1512 operari.
777 1418 837 1508 ,Ut
854 1428 965 1512 autem
979 1413 1016 1484 iu
1030 1417 1096 1486 bo-

13 1510 110 1576 risto
125 1503 296 1600 proposito
317 1529 423 1598 usque
446 1503 491 1572 ad
507 1502 640 1575 beatum
661 1503 760 1572 linem
777 1499 954 1595 progredr,
979 1524 1097 1593 perse-

13 1615 116 1673 erare,
139 1606 239 1683 atque
254 1587 291 1657 in
311 1613 406 1658 vera·
434 1587 533 1659 ietate
550 1602 735 1659 constantes
755 1609 888 1660 manere
911 1583 1096 1672 valeamus,
1129 1650 1132 1662 ,
1179 1587 1187 1600 ’

13 1675 185 1748 necandus
194 1690 242 1744 est
255 1677 346 1743 Deus
363 1615 658 1756 ardentibusvotis,
680 1687 719 1756 ut
772 1669 875 1740 atiam
888 1668 1096 1743 nobis'suam
1181 1739 1187 1756 Ι

13 1761 127 1852 migne
143 1759 333 1850 largiatur,
348 1757 560 1853 quam-,nobis
573 1757 610 1826 in
627 1764 719 1829 sacro
767 1756 938 1851 aptismate
956 1755 1096 1850 pollici-

13 1872 34 1914 ιι
52 1861 121 1934 est,
149 1869 211 1914 nec
232 1843 438 1930 dubitemus,
486 1842 544 1918 uin
563 1868 637 1914 eam
653 1843 710 1927 sit,
732 1843 825 1934 juxta
840 1840 1095 1937 promissionem
1114 1877 1119 1890 ·

13 1955 90 2010 ram,
112 1926 210 1999 nobis
225 1929 414 2014 donaturus.
453 1869 528 2000 'l-loe
542 1928 631 1998 enim
648 1929 799 2000 Christus
811 1929 909 1998 nobis
927 1927 999 2022 ipse
1014 1953 1112 1998 sam·

13 2042 34 2086 e
46 2013 217 2108 promisit,
238 2015 371 2084 dicenst.
387 2012 473 2104 Quis
488 2031 601 2084 autem
623 2041 661 2084 ex
680 2013 774 2114 robis
789 2029 916 2108 patrem
934 2011 1017 2107 petit
1030 2017 1096 2108 pa'-

13 2127 71 2184 em,
91 2097 253 2194 numquid
269 2098 413 2194 lapidem
429 2097 610 2176 dabitilli?
631 2116 831 2198 autprsoem,
852 2100 1017 2193 numquid
1029 2123 1112 2192 pro·
1157 2117 1159 2124 “
1241 2137 1246 2165 ι

13 2187 71 2254 isce
87 2200 268 2278 serpentem
282 2186 374 2256 dabit
387 2184 464 2254 itlit
499 2200 557 2256 aut
569 2183 608 2258 si¹
624 2199 757 2278 petrertt
779 2209 878 2252 ovum
889 2219 904 2267 ,v
928 2185 1095 2276 numquid

13 2269 134 2360 irriget
152 2267 204 2338 illi
219 2273 451 2362 scorpionem?
465 2269 513 2340 .si
527 2271 607 2360 ergo
632 2273 703 2353 ios,
726 2293 801 2338 cum
817 2267 891 2338 sitis
906 2268 1006 2350 meli,
1027 2294 1094 2338 no·

13 2355 40 2426 is
54 2355 142 2428 bone
159 2355 340 2427 dona'dare
357 2354 435 2438 liliis
449 2355 584 2438 restris,
605 2350 850 2448 quantomagis
871 2357 971 2425 Pater
986 2370 1093 2424 vester
1111 2409 1114 2416 .

14 2441 133 2594 »elegis
147 2439 241 2514 dabit
255 2441 416 2542 Spiritum
428 2443 555 2526 bonum
567 2439 753 2535 petentibus
777 2444 834 2510 s'e?
869 2495 872 2500 ,
1125 2441 1126 2452 ’

14 2637 71 2680 um
85 2551 241 2694 tribunt,
264 2610 406 2692 babitnt,
429 2627 467 2682 ut
490 2612 528 2681 in
552 2609 690 2707 templo·
705 2637 784 2693 suo,
814 2626 847 2680 et
871 2635 907 2678 m
925 2609 1007 2706 ipsis
1022 2637 1115 2688 non,
1192 2637 1197 2642 ·

15 2713 31 2767 t
50 2695 194 2779 otiosus,
219 2696 436 2798 sedimpellit
450 2697 539 2768 lilios
554 2695 623 2768 Dei
635 2697 681 2766 ad
704 2693 927 2767 obedientiam
949 2698 1091 2766 manda·
1248 2719 1252 2728 ⁴

155 2526 209 2596 uia
224 2529 368 2620 Spiritus
385 2542 517 2599 sanctus
537 2525 574 2595 in
595 2523 723 2612 electis,
751 2524 810 2620 qui
829 2525 901 2624 jam
929 2526 965 2596 in
989 2525 1115 2596 Cbri-.
1206 2575 1208 2582 ι

15 2808 24 2852 t
42 2782 108 2850 Dei
125 2781 374 2876 praestandam
396 2803 487 2880 rpsos
509 2783 611 2868 etiam
627 2783 791 2852 credentes
811 2806 879 2850 non
896 2782 1020 2856 otiosos
1034 2807 1091 2853 es·
1113 2825 1118 2842 ·
1207 2821 1212 2828 ·

22 2917 34 2951 ‚
58 2865 162 2938 multo
177 2892 256 2937 vero
271 2868 382 2938 minus
395 2867 506 2960 agenti
518 2884 551 2938 et
566 2864 716 2962 operanti
730 2867 874 2962 Spiritui
899 2881 1011 2937 sancto
1033 2894 1091 2938 re-

15 2967 96 3021 stere
112 2952 212 3022 decet.
263 2957 445 3028 Exerceant
463 2953 567 3045 igitur
581 2952 704 3042 sesnin
727 2951 883 3021 omnibus
898 2951 1090 3039 virtutibus,

16 3035 117 3106 turine
136 3035 329 3111 Christiano
348 3036 475 3128 dignis,
497 3037 638 3108 inomni
651 3036 803 3108 videlicet
814 3036 947 3132 pietate,
969 3041 1093 3109 mode-

16 3127 65 3203 ia,
91 3123 315 3216 temperantia,
337 3125 508 3217 patientia,
531 3138 565 3196 et
578 3122 715 3194 caritate
729 3121 891 3206 fraterna,
913 3147 1091 3212 magnam-

16 3231 48 3276 ιε
63 3206 266 3298 diligentiam
282 3208 479 3293 adhibeant,
501 3224 539 3278 ut
552 3209 756 3280 vocationem
771 3224 803 3278 et
818 3204 1010 3278 electionem
1030 3233 1090 3278 sn·

17 3293 179 3362 nfirmam
196 3291 339 3386 iaciant,
361 3309 400 3365 ut
419 3309 510 3363 tanto
526 3292 636 3364 minus
651 3293 692 3363 de
714 3317 754 3363 ea
775 3293 942 3378 dubitent,
965 3311 1089 3388 quanto

17 3375 149 3446 licacius
176 3376 318 3480 Spiritus
340 3379 441 3450 sanni
464 3377 621 3449 virtutem
645 3395 678 3448 et
694 3379 796 3450 robur
817 3379 854 3449 in
874 3403 908 3448 se
933 3377 1089 3448 sentiunt.

17 3461 205 3536 ›iritusDer
233 3465 323 3538 enirn
347 3464 573 3535 testimonium
621 3461 748 3534 erbibet
766 3462 896 3549 electis,
918 3463 1010 3556 quod
1023 3463 1090 3535 sint

18 3545 44 3617 ii
60 3549 134 3618 Dei.
178 3549 281 3636 Quod
295 3545 437 3620 sietiam
453 3491 632 3640 aliquando
648 3550 684 3618 in
702 3566 775 3620 tam»
793 3572 910 3642 graves
931 3551 1090 3619 tentatio·
1115 3601 1117 3608 .
1139 3550 1142 3558 ⁴

20 3628 243 3736 sinciderint',
265 3649 301 3710 ut
317 3658 455 3735 prorsus
473 3634 601 3734 pullam
620 3632 764 3730 amplius
778 3633 992 3734 inhabitantis
1008 3637 1087 3728 Spi-
1141 3667 1156 3698 ’.
1244 3689 1246 3696 ,

19 3741 63 3786 ,ιιι
78 3721 141 3786 Der
155 3731 310 3788 virtutem
328 3745 364 3788 ιιι
382 3744 417 3790 se
432 3723 692 3790 anrmadvertere
708 3737 741 3792 et
754 3725 874 3819 sentire
889 3735 1029 3821 possent
1042 3736 1102 3789 ⁴nt
1210 3726 1213 3758 ³

20 3829 56 3872 m
76 3801 209 3900 pavide,
234 3802 440 3898 queribunda
459 3831 536 3876 voce
558 3804 684 3876 dicant:
718 3833 737 3876 e
760 3806 869 3877 o-dixt
897 3829 932 3872 m
955 3830 1088 3875 excessu
1125 3839 1157 3874 ·.

19 3902 101 3961 entis
118 3911 226 3971 meae,
248 3890 416 3994 projeetus
438 3915 511 3959 sum
535 3914 556 3960 a
573 3889 658 3962 facie
672 3831 841 3962 ecelinum
857 3905 1010 3970 tuorum,
1032 3905 1087 3958 ta-

19 3997 58 4044 en
73 3998 202 4045 rursum
225 3997 259 4042 se
275 3990 420 4066 erigant,
443 3974 615 4058 etillud,
631 4001 706 4046 cum
731 3977 877 4058 Davide,
910 3973 1085 4064 adjiciant:

20 4074 156 4151 teneque
173 4056 266 4128 aliud
280 4061 316 4128 in
333 4085 369 4130 se
385 4059 541 4150 sentiant)
564 4059 639 4134 ideo
655 4056 818 4134 exaudisti
833 4082 945 4152 venem
959 4057 1086 4130 oratio-

20 4167 157 4229 trneae,
181 4144 259 4242 dnm
273 4142 448 4216 clamarem
464 4147 507 4216 ad
523 4163 565 4216 te.
847 4151 851 4158 '
990 4203 992 4208 -
1081 4193 1085 4202 ·

68 4227 261 4298 Camenam
274 4229 394 4300 electio
408 4247 520 4301 nostra
532 4231 575 4300 ad
589 4230 693 4302 vitam
710 4246 876 4302 aeternam
890 4233 959 4302 non
975 4231 1085 4300 virtu·

21 4335 71 4382 tus
83 4326 139 4382 aut
153 4312 281 4406 justitia
293 4330 424 4403 nostra,
447 4317 508 4388 sed
525 4315 597 4389 solo
627 4314 754 4390 Christi
776 4316 921 4403 merito,
935 4329 969 4388 et
983 4313 1084 4388 berri-
