2548 4906
401 307 661 414 Confesstonts.
834 391 837 404 ,
906 294 912 316 ⁸
1001 295 1083 424 ¹add

15 545 60 606 es,
79 518 215 590 'mereri
241 516 392 588 homines
422 515 648 590 remissionem
673 521 880 672 peccatorum
908 513 1083 610 pientes

14 631 104 688 ores,
134 601 196 674 aut
210 603 287 674 talia
304 625 415 698 opera.
458 601 661 698 Quanquam
701 625 757 670 aec
776 602 960 695 spectacula
970 602 1082 697 impe-
1127 675 1131 694 Ι

13 717 58 761 ÷os
81 689 190 760 solent
215 687 346 772 fallere,
370 705 407 758 nt
423 705 563 782 putent,
594 713 628 757 se
651 713 712 780 per
734 685 814 774 baec
838 711 937 780 opera
959 685 1083 758 mere'ri

13 775 205 845 missionem
230 792 436 868 peccatorum
465 798 575 848 coram
601 779 693 864 Deo,
728 777 856 846 ¹Verum
886 772 915 840 si
937 771 1012 874 quis
1033 770 1084 842 siu

12 861 96 943 nsit,
126 860 273 952 judaice,
303 876 335 928 et
361 857 528 950 gentiliter
549 858 658 928 sensit.
698 865 787 930 Nam
810 873 841 943 et
863 853 997 925 Ethnrci
1017 855 1082 924 lra-
1130 869 1133 878 '

11 961 120 1014 rerunt
142 945 301 1040 quasdam
324 943 528 1038 expiationes
554 943 761 1027 delictorum,
790 967 849 1038 per
869 966 950 1039 quas
972 943 1083 1032 finge-1
1144 957 1149 1038 j

11 1047 58 1098 ent
69 1058 104 1099 se
121 1027 326 1099 reconciliari
337 1033 422 1098 Deo.
464 1035 561 1100 Nunc
575 1037 685 1097 autem
698 1053 789 1098 more
803 1027 984 1120 antiquato,
1006 1051 1082 1094 ma-

10 1133 33 1184 et
49 1138 170 1185 nomen
186 1112 431 1200 satisfactionis,
450 1129 497 1183 'et
511 1112 685 1202 vestigium
701 1113 821 1196 moris,
846 1113 935 1206 quod
949 1111 984 1180 in
1000 1137 1081 1182 con-

11 1198 417 1292 ssione'praesc'ribuntnr
448 1215 551 1269 certae
566 1196 823 1278 satisfactiones,
853 1220 936 1294 quas
961 1197 1082 1270 defini-

9 1301 36 1354 1t
53 1310 155 1354 osseo
182 1309 236 1362 era
250 1309 317 1353 non
332 1283 452 1354 dehita
494 1285 564 1352 Nos
580 1305 746 1350 vocamus.
759 1282 995 1366 satisfactiones
1012 1285 1085 1352 Ca-

8 1370 123 1439 micis.
204 1367 287 1442 eltis
302 1367 349 1437 sic
364 1365 545 1450 sentimus,
555 1365 639 1440 sicut
654 1369 694 1436 'de
710 1365 965 1449 enumeratione,
989 1366 1082 1463 quod

7 1455 215 1524 ,tisfaetiones
231 1454 417 1540 Canonicae
435 1481 502 1524 non
517 1453 582 1521 sint
596 1453 793 1534 necessariae
812 1454 884 1544 jure
901 1441 1020 1535 ¹dimite
1036 1451 1083 1538 ad

7 1540 206 1609 missionem
233 1556 453 1632 peccatorum.
497 1538 588 1628 Sicut
609 1544 716 1632 neque
736 1537 1086 1631 illa'spectacola·ve·-'

9 1651 46 1693 ra
63 1621 323 1694 satisfactionum
338 1623 374 1692 in
390 1621 591 1718 poenitentia
605 1621 739 1715 publiea
752 1625 827 1716 jure
842 1623 956 1691 divino
968 1641 1087 1692 neces&

5 1711 66 1778 iria
85 1709 220 1776 fuerunt
248 1707 291 1777 ad
311 1710 539 1780 remissionem
588 1718 780 1790 creatorum.
822 1707 1008 1786 Retinenda
1033 1723 1083 1796 est

5 1794 68 1862 rim
91 1792 248 1862 sententia
269 1793 311 1862 de
329 1793 415 1876 fide,
447 1795 536 1890 quod
563 1733 627 1861 ide·
649 1801 890 1888 consequamur
911 1791 1088 1863 remissio--

4 1905 55 1950 em
79 1894 286 1974 peccatorum
314 1875 671 1973 proprenChristum,
697 1883 777 1948 lnon
807 1893 940 1972 propter
968 1896 1081 1950 nostra

2 1989 79 2059 pera
95 1962 322 2058 praecedentia
338 1964 595 2058 auts'equentia',
634 1968 679 2033 Et
692 1965 817 2037 nosob
842 1962 925 2032 hanc
949 1986 1085 2034 causam·
1126 1969 1128 1974 ’
1166 1961 1170 1983 ¹

2 2047 153 2144 raeci'pne
170 2045 209 2116 de
223 2048 505 2118 satisfactionibus
521 2050 570 2117 (lis
595 2048 777 2132 matrimus,
791 2051 848 2117 sne
872 2048 1080 2144 susciperen-

1 2163 32 2202 ιτ
46 2135 89 2202 ad
104 2134 343 2211 obscurandam
362 2133 526 2226 justitiam
541 2073 637 2215 fidei,
667 2156 748 2202 neve
774 2135 994 2204 existimarent
1014 2133 1081 2204 bo·
1117 2190 1121 2202 .

1 2220 82 2288 eines
98 2245 131 2288 se
146 2236 281 2322 propter
298 2219 357 2287 illa
372 2243 475 2312 opera
499 2219 666 2312 consequi
681 2219 906 2288 remissionem
927 2237 1088 2314 peccato-‚

19 2333 64 2372 m.
106 2309 151 2388 Et
173 2306 502 2404 adJupanterrorem
522 2305 628 2372 multa
649 2303 753 2388 dicta,
787 2328 869 2397 qnae
896 2304 931 2370 in
958 2303 1085 2373 scholio

0 2405 157 2472 ctantur,
176 2387 362 2481 >qualemn
395 2390 487 2484 quod
502 2389 537 2456 in
555 2388 741 2470 definitione
769 2387 996 2460 satisfactionis
1014 2404 1079 2484 po·
1184 2461 1186 2470 Α

0 2514 1 2521 1
25 2491 78 2544 nt:
106 2473 177 2542 fieri
193 2498 265 2540 eam
279 2473 321 2540 ad
338 2474 529 2568 placandam
547 2475 693 2545 divinam
707 2473 878 2553 offensam.
965 2515 968 2524 ·

27 2579 28 2586 ¹
65 2559 130 2627 Sed
149 2575 255 2626 tamen
271 2558 415 2632 fatemur
434 2559 625 2641 adversarii,
649 2561 738 2653 quod
760 2559 994 2630 satisfactiones
1010 2585 1079 2630 non
1176 2603 1181 2614 .

15 2643 541 2739 osintadremissionemculpae.
583 2647 711 2713 Verum
727 2645 857 2735 fingunt
880 2643 1086 2716 satisfactio-5
1135 2682 1137 2692 ¹
1200 2663 1202 2676 '

16 2757 32 2798 s
58 2731 212 2824 prodesse
237 2731 280 2796 'ad
306 2729 514 2800 redimendas
539 2751 681 2824 poenas,
711 2741 768 2798 sen
788 2729 991 2824 purgatorii,
1020 2755 1087 2824 seu

6 2817 81 2882 ias?
111 2814 166 2882 Sic
184 2813 269 2882 eniin
285 2815 426 2898 docent,
439 2819 473 2884 in
488 2815 682 2884 remissione
696 2815 820 2920 peccati
836 2822 945 2884 Deum
960 2815 1077 2884 remit-
1127 2859 1129 2865 s

7 2899 206 2992 reenlpam,
232 2917 403 2988 ettamen,
435 2900 841 2996 quia'convenitlnstitiae
866 2900 1086 2995 divinaepu·'
1146 2937 1149 2943 ·
1241 2949 1244 2956 »

0 3009 46 3049 tre
91 3000 249 3063 occatum,
280 3001 405 3054 mutare
429 3005 577 3080 poenam
594 2989 757 3054 aeternam
783 2985 817 3052 in
829 3011 971 3078 poenam
990 3002 1076 3053 tem·
1133 3017 1136 3025 s

6 3007 136 3162 rafim,
167 3067 386 3164 ,Adduntam'
406 3071 485 3154 lius,
516 3087 642 3164 partem
665 3070 764 3139 illius
780 3069 971 3166 temporalis
993 3095 1085 3164 poe-⁴
1116 3115 1117 3120 κ

22 3166 177 3219 eremittr
193 3169 349 3244 potestate
366 3095 523 3239 clavium,
556 3154 728 3248 reliqu'um‘
746 3169 855 3232 antem
875 3154 995 3242 redimi
1017 3173 1076 3250 per

0 3235 222 3330 tisfactiooes.
264 3239 333 3304 Nec
346 3256 453 3334 potest
469 3240 618 3344 intelligi,
667 3265 782 3310 uarum
797 3264 977 3334 poenarum
997 3249 1087 3336 pars·
1101 3245 1128 3291 ⁸

10 3321 164 3416 mittatur
178 3337 346 3420 potestate·
364 3322 519 3410 clavium,
550 3329 616 3394 nisi
639 3263 766 3408 dicant,
795 3342 922 3420 partem
948 3328 1099 3420 poena-¹

16 3435 50 3475 m
67 3406 248 3500 purgatorii
264 3407 405 3491 remitti,
436 3413 502 3504 'qua
525 3438 612 3480 exre
637 3427 844 3505 sequeretur,
876 3411 1075 3480 satisfactio:-
1119 3461 1122 3468 ,

3 3519 30 3560 ‘s
55 3507 182 3559 tantum
206 3517 274 3560 esse
291 3507 421 3585 ,p'oenas
445 3494 639 3566 redimentes
666 3494 903 3592 purgatorium.
945 3499 990 3564 Et
1014 3494 1074 3564 has
1142 3569 1146 3578 ,

0 3576 344 3646 tisfactiones‘dicnnt
372 3574 499 3661 valere‘,
529 3581 654 3650 etiamsi
676 3583 755 3650 fiant
775 3581 815 3650 'ab
834 3579 904 3663 bis,
936 3581 993 3674 qui
1007 3605 1074 3649 ‘re-

10 3659 60 3753 psi
79 3661 208 3746 suntin
223 3679 391 3755 peccatum
412 3663 566 3748 mortale,
596 3667 787 3760 qnasi-‘vero
810 3665 919 3740 ditina
944 3666 1087 3744 offensa*

0 3745 98 3811 lacari
115 3761 213 3838 queat
237 3747 278 3813 ab
302 3746 376 3847 bis,
405 3750 464 3844 qui
488 3755 566 3818 sunt
589 3750 623 3818 in
645 3751 774 3846 peccato
796 3749 940 3820 ntortali.
983 3755 1072 3828 Haec

0 3845 107 3896 tanes
132 3847 181 3898 est
203 3834 442 3915 commentitia,
474 3859 583 3904 recens
608 3837 756 3918 conficta,
787 3834 859 3903 sine
880 3833 1071 3906 auctoritate

10 3913 153 4006 ripturae
170 3930 202 3982 et
216 3932 362 3985 veterum
384 3921 581 4017 scriptorum
599 3920 915 3994 Ecclesiasticorum.
958 3926 1006 3987 Ac
1028 3945 1070 3988 ne

2 3997 358 4152 ongoharduspuidem
373 4004 412 4072 de
427 4004 702 4074 satisfactionibus
719 4004 781 4074 hoc
793 4007 894 4076 modo
912 4004 1069 4100 loquitur.
1107 4017 1109 4022 ’
1163 4005 1165 4010 ’

19 4082 167 4150 holasno
195 4109 227 4150 vr
251 4103 346 4155 erunt
372 4087 406 4154 in
429 4087 676 4160 Ecclesiaesse
707 4089 949 4174 satisfactiones·¹
973 4125 976 4132 ·
998 4094 1083 4158 Nec<
1151 4121 1153 4128 ·

0 4168 272 4237 imadvertcrunt
287 4169 345 4240 illa
364 4173 546 4266 spectacula
564 4172 715 4246 instituta
731 4199 818 4259 esse,
840 4191 910 4244 tum
926 4187 1014 4243 exem
1041 4171 1068 4240 ll
1114 4170 1127 4193 ⁸
1161 4193 1163 4198 ·

10 4279 86 4338 usa,
116 4269 186 4322 tum
202 4255 244 4324 ael
257 4255 444 4349 probandos
459 4255 556 4345 hos,x
566 4258 625 4354 qui
647 4259 800 4356 petebant
818 4258 920 4352 recipi
941 4259 984 4328 ab
1030 4283 1067 4326 c-
1081 4296 1103 4310 ·=

471 4363 474 4368 .
643 4381 653 4391 ¹
1005 4357 1008 4380 ,

25 4419 28 4453 l
