2610 4900
106 375 125 408 c
209 337 283 416 338
552 331 952 436 fiateehismusma'jorl

236 541 385 600 uramus,
400 543 472 592 ⁴noa
490 519 693 611 ignorantes,
712 523 796 605 ,Deo
816 515 942 613 optimo
966 517 1128 600 maximo,
1148 525 1184 586 ac'
1199 517 1279 585 omoi-

211 548 273 678 dus
298 603 420 695 angelis
443 604 505 673 lroc
526 629 653 672 summe
671 602 814 696 placere,
837 599 1014 695 ,etdiaboto
1031 627 1130 694 aegre
1149 627 1221 672 esse.
1247 603 1281 668 ld

177 769 180 782 Ι
212 691 292 773 hoe,
311 689 490 770 marimum
507 713 575 758 esso
590 714 684 782 opus,
713 688 802 782 quod
819 685 883 792 ipsi
901 685 1008 758 facere
1023 713 1210 781 possumus,
1230 701 1282 778 post

140 791 148 807 ⁸
212 799 376 860 summum
395 773 488 843 illum
503 771 566 842 Dei
582 771 717 860 pultum,
740 771 774 839 in
791 771 954 865 prioribus
970 773 1149 867 praeceptis
1163 795 1297 862 compre·

149 915 155 934 ,
212 859 363 940 hensum,
377 858 463 928 odeo
476 874 512 926 ut
523 855 734 947 eleemosynis
748 857 862 946 juvare
879 874 1018 949 egentes,
1036 881 1142 952 neque
1157 882 1217 926 nou
1230 883 1281 922 om-

213 951 268 1016 nia
291 940 417 1037 reliqua
441 967 559 1034 opera,
592 965 674 1035 quae
700 941 849 1036 proximo
873 959 1097 1036 praestantur,
1128 939 1201 1010 huic
1215 938 1282 1034 nullo

214 1031 314 1100 modo
332 1027 524 1096 conserenda
539 1027 613 1096 sint.
635 1093 637 1100 Α
659 1026 792 1120 Quippe
805 1031 894 1094 Deus
915 1025 991 1095 huic
1013 1040 1187 1121 parentum
1202 1023 1281 1093 ordio

196 1114 336 1210 ¹primas
359 1109 489 1202 tribuit,
516 1112 721 1212 eundemque
745 1112 781 1178 in
803 1111 897 1180 terris
943 1111 1017 1182 lane
1038 1109 1073 1179 in
1094 1137 1186 1180 suam
1201 1110 1299 1194 sedeo

213 1198 387 1269 ‘colendum
405 1196 508 1268 evexit
524 1213 557 1268 et
573 1196 695 1266 extulit.
747 1199 836 1264 Haec
860 1138 994 1289 quidem
1020 1198 1085 1264 Dei
1112 1192 1282 1264 voluntaset

210 1282 454 1378 beneplacitum
492 1298 541 1350 sat
564 1275 819 1354 ,vehementibus
843 1297 875 1374 et
895 1277 999 1350 causis
1024 1295 1056 1350 et
1082 1279 1222 1350 stimolis
1241 1303 1299 1362 aop

128 1389 130 1396 ’
214 1387 314 1452 stram
332 1367 469 1436 debehat
484 1364 654 1462 impulisse
670 1363 922 1454 neglieeutiam,
945 1384 981 1434 ut
997 1391 1070 1434 eum
1094 1361 1231 1457 quadam
1244 1383 1299 1428 te*

214 1443 460 1548 lup'tatelatque
483 1449 649 1534 lubentia,
685 1419 779 1544 quod
803 1447 949 1520 officium
974 1465 1129 1522 nostrum
1150 1447 1282 1548 postulat,

167 1611 170 1618 ,
213 1539 405 1610 flectemus.

220 1695 223 1700 ·
297 1655 348 1723 Ad
365 1653 445 1724 haec
459 1675 568 1723 coram
583 1653 707 1722 mundo
730 1677 861 1748 quoque
881 1649 916 1722 in
940 1651 1003 1722 lroc
1022 1651 1246 1748 astringimur,
1260 1667 1283 1718 at

213 1758 418 1830 acceptorum
444 1739 672 1834 aparentibus
696 1737 927 1807 beneficiorum
957 1765 1136 1821 memores,
1155 1757 1282 1806 'mutuno

156 1831 159 1839 “
214 1826 315 1895 ollrcli
341 1823 444 1892 vicem
472 1823 706 1916 rependamus,
728 1839 829 1916 utque
867 1842 991 1897 arentes
1013 1841 1120 1894 aetate
1145 1823 1282 1893 sessosvi·

214 1908 322 1979 eissim
347 1907 474 1975 alamus
492 1907 737 2002 foveamusque.
760 1909 826 1977 Sed
843 1847 899 1979 lic
917 1933 1047 1976 rursum
1061 1907 1094 1978 io
1114 1909 1233 1978 mundo
1245 1908 1282 1974 do-

176 2041 185 2075 -,
214 1993 358 2062 minatur
380 1991 543 2075 diabolus,
567 2009 603 2061 ut
617 1989 711 2060 liberi
758 2008 906 2064 arentum
927 1991 1176 2063 obliviscantur:
1198 2019 1281 2087 qrren-

212 2079 388 2147 admodum
405 2088 517 2146 omnes
531 2101 590 2144 nos
605 2081 668 2148 Dei
685 2017 928 2160 obliviscimur,
957 2099 1016 2148 nec
1041 2081 1217 2174 quisquam
1237 2103 1282 2144 me-

213 2163 317 2232 moria
335 2161 471 2256 repetit,
495 2177 560 2256 qua
583 2163 755 2231 sedulitate
776 2169 866 2231 Deus
887 2189 948 2234 nos
976 2163 1059 2245 alat,
1090 2163 1245 2234 custodiat
1261 2185 1283 2227 at

215 2247 380 2329 defendat,
404 2264 471 2316 tum
489 2263 611 2342 qrranta
630 2247 792 2315 bonorum
808 2243 899 2343 copia
916 2248 1063 2352 corporis
1087 2249 1123 2317 e't
1136 2247 1232 2318 animi
1245 2269 1292 2327 ros,

214 2332 356 2415 cumulet
371 2349 401 2402 et
417 2327 542 2400 obruat.
585 2333 765 2424 Praecipue
779 2357 876 2415 voro,
900 2333 1031 2435 quando
1048 2331 1201 2402 horulam
1214 2329 1291 2427 paule'

159 2435 163 2443 ’
212 2417 427 2486 infeliciorem
444 2418 497 2483 vix
511 2419 729 2486 ostendentem
745 2443 778 2486 se
793 2416 986 2486 adversitate
998 2415 1210 2502 sustinemus,
1228 2437 1280 2508 pro-

213 2503 301 2572 tinus
318 2504 482 2572 malorum
498 2503 722 2598 impatientes,
745 2503 781 2568 in
800 2502 1150 2596 iranrprorurhpimus
1167 2529 1202 2572 ac
1218 2527 1281 2570 mur-

213 2609 400 2665 muramus,
432 2588 535 2679 deque
559 2603 606 2654 tot
625 2587 793 2655 immensis
818 2587 913 2656 bonis
936 2613 994 2682 per
1017 2611 1154 2666 omnem
1172 2588 1281 2656 vitant

213 2676 286 2740 Deo
304 2665 459 2774 acceptis,
482 2669 611 2738 nullom
626 2670 679 2738 vol
696 2671 859 2740 tantillum
876 2674 911 2740 in
927 2673 1083 2741 momoria
1101 2690 1213 2744 nostra
1224 2668 1280 2739 resi·

214 2755 270 2824 det
287 2777 338 2824 am
366 2753 439 2833 hus,
463 2756 519 2824 sed
534 2779 667 2850 prorsus
684 2771 844 2849 expuncta
857 2759 968 2826 omnia
986 2756 1147 2828 oblivioni
1161 2758 1280 2826 mandata

176 2863 178 2870 ’
213 2851 298 2909 sunt.
341 2779 416 2910 lion
428 2863 518 2908 secus
534 2865 663 2932 quoque
678 2863 752 2910 com
766 2843 953 2934 parentibus
967 2841 1118 2934 agimus,
1150 2837 1280 2914 necullus

236 2949 294 2992 uer
308 2939 376 3005 est,
401 2923 457 3019 qui
476 2923 715 3006 difficultatem,
740 2949 838 3014 quam
854 2943 1003 3020 parentes
1020 2929 1055 2994 in
1070 2926 1279 2998 nutricandoet

211 2945 353 3080 levando
368 3034 406 3078 eo
422 3007 638 3078 multifariam
655 3010 799 3104 perpessi
816 3027 906 3092 sunt,
929 3028 1083 3103 agnoscat
1096 3029 1158 3084 aut
1169 3031 1279 3110 perpet·

211 3095 285 3179 dat,
311 3093 376 3163 nisi
393 3093 456 3164 hoc
470 3119 490 3163 a
506 3094 634 3190 Spiritu
648 3110 758 3164 sancto
770 3096 929 3190 acceperit
946 3095 1080 3187 gratiae.

219 3289 222 3294 .
255 3305 258 3318 Ι
295 3227 650 3319 'Ejusmodivitiosam¹
669 3227 785 3298 mundi
808 3247 962 3302 naturam
983 3224 1015 3302 et
1038 3229 1278 3324 irrgratitudioen

126 3371 128 3378 ,
207 3317 301 3386 neus,
315 3313 417 3405 probe
432 3332 627 3408 compertam
643 3313 757 3398 hahet,
780 3340 880 3418 quare
894 3319 1078 3412 praeceptis
1103 3343 1166 3390 nos
1190 3313 1278 3386 suliu-

210 3392 251 3468 de
272 3395 414 3490 impellit
436 3413 468 3466 et
481 3385 668 3484 admonet,¹
684 3416 721 3468 ut
769 3425 882 3494 uisque
903 3397 1013 3472 animo
1036 3425 1147 3475 secum
1168 3411 1276 3502 repetat

210 3497 371 3576 quantum
393 3483 556 3564 honorum
578 3509 597 3554 a
623 3425 809 3578 parentilus
838 3486 1015 3580 acceperit,
1044 3502 1076 3555 et
1091 3486 1242 3570 invemat,
1256 3503 1276 3545 st

130 3647 132 3655 γ
208 3569 250 3634 ab
265 3566 379 3634 iisdem
401 3583 431 3635 et
448 3593 563 3660 corpus
587 3586 618 3639 et
639 3573 725 3667 vitae
752 3565 885 3640 initium
901 3570 1081 3666 accepisse,
1111 3589 1208 3666 atque
1221 3569 1275 3664 item

208 3650 314 3720 multo
329 3649 446 3732 sudore
464 3669 494 3720 et
506 3677 585 3734 eura
601 3669 777 3738 enutritum
792 3669 825 3723 et
841 3655 1011 3727 educatum
1036 3680 1124 3738 esse,
1148 3657 1203 3730 ubi
1220 3649 1275 3722 alut

99 3735 107 3753 '
208 3735 258 3807 r'el
274 3737 449 3818 sescenties
466 3736 500 3806 in
520 3737 838 3837 propriis-sordibus
860 3741 925 3816 sihi
953 3736 1157 3834 pereundum
1179 3738 1274 3808 luisset

208 3818 371 3917 Quocipra
384 3818 550 3914 praeclare
563 3839 595 3892 et
610 3841 775 3918 sapienter
790 3849 809 3892 a
823 3825 983 3914 veteribus
993 3824 1114 3896 dicaam
1130 3817 1193 3895 est:
1213 3825 1273 3914 Det.

230 3903 395 3974 arentibus
423 3921 454 3976 et
477 3905 641 3996 magistris
678 3933 745 3976 nou
773 3923 879 4001 potest
900 3909 978 3980 satis
1041 3910 1134 3990 atiael
1157 3903 1273 4002 repeuda

205 3931 408 4090 lleicunque
425 3990 543 4064 horum
558 3993 731 4062 verborum
748 4011 832 4064 recte
844 4021 973 4074 memor
988 3937 1101 4077 tideo,
1124 4020 1188 4064 nou
1198 4005 1271 4084 espt·

205 4074 306 4144 ctabrt
322 4073 465 4158 aliorum
479 4075 827 4159 commonefactiones‚
856 4095 893 4148 ut
917 4104 994 4172 erga
1015 4096 1165 4174 parentes
1186 4090 1270 4167 gratu

203 4173 374 4252 appareat,
395 4161 451 4230 scd
466 4186 523 4230 sua
538 4177 654 4255 sponte
668 4156 858 4268 properabit
871 4167 1001 4234 eosdem
1018 4180 1051 4235 et
1068 4167 1158 4236 omui
1172 4162 1269 4230 honore

203 4241 385 4346 cumulare,
403 4261 434 4316 et
450 4245 816 4344 iasiuu(quoda1unt)
837 4239 982 4357 gestppe,
1002 4267 1040 4340 pt
1059 4273 1132 4342 eps,
1156 4261 1268 4342 quorum
