2564 4902
969 89 1015 130 ¹t

577 163 725 205 ‚vi
949 150 952 157 ⁴

153 415 155 424 Α
229 307 324 402 :see
460 321 464 332 ·
529 380 531 389 .
592 310 744 438 necui
760 309 1008 400 smuenne.

252 494 371 590 gratia)
386 501 470 590 puer
484 508 609 590 septem
622 517 785 566 annorum
798 492 891 566 norit
903 491 1017 580 hodie,
1040 493 1122 591 quid
1135 495 1172 566 sit
1182 495 1238 566 ru

251 577 566 676 nempccredentes,
586 579 706 664 sancti,
729 577 878 650 oviculae
894 577 1063 650 audientes
1078 606 1180 652 vocem
1195 598 1238 676 past

222 693 224 699 ’
251 665 315 738 aui.
357 663 518 762 Sirenim
534 679 632 763 orant
645 663 757 757 pueriz
788 663 896 734 Credo
916 681 1064 736 sanctam
1083 663 1231 736 Ecclesiam

250 749 404 821 tholicam
418 773 485 818 uve
507 747 744 819 Chrrstianam.
791 751 880 822 Haec
904 750 1057 820 sanctitas
1072 751 1238 822 nonconsise'

250 831 394 910 amiculo
410 831 529 932 lintep,
550 831 676 928 insigni
690 832 852 918 verticali,
883 849 970 933 veste
987 831 1104 920 talari,
1124 852 1154 906 et
1165 835 1238 930 aliisi

250 947 326 992 rum
341 918 537 990 ceremoniis
560 933 673 990 contra
694 920 819 993 sacram
840 933 1038 1016 scripturam
1059 919 1232 1014 excogitatis,

250 1001 502 1090 inverboDei,
525 1003 737 1104 etveratidc.
777 1012 779 1023 ’

587 1145 716 1199 ,ίι

180 1205 184 1212 ¹
249 1228 342 1308 xm.
372 1231 591 1336 'Quomodo
626 1257 754 1308 coram
778 1235 861 1309 Deo
892 1230 1022 1336 homo.
1038 1195 1238 1334 justificetur,

494 1379 497 1386 ι
572 1441 574 1448 Ι
606 1335 787 1412 debonis
812 1335 1001 1438 operibus.

195 1579 197 1584 .
336 1521 437 1609 Quod
450 1519 491 1594 de
506 1514 734 1610 justificatione
745 1515 902 1590 hactenus
913 1543 1042 1611 semper
1056 1515 1238 1588 etassiduede

224 1677 233 1687 ,
248 1621 375 1682 mutare
388 1633 447 1675 nec
461 1603 496 1674 in
511 1602 650 1675 minimo
666 1627 820 1699 possum,
842 1603 1012 1686 videlicet,
1034 1628 1097 1674 nos
1113 1602 1238 1696 perfidu

125 1735 129 1742 ·
249 1695 368 1764 Petrus
383 1688 544 1784 loquitur)
568 1687 659 1760 aliud
674 1699 799 1769 uorum
815 1705 847 1758 et
859 1689 1019 1788 mundum
1036 1714 1095 1758 eor
1111 1687 1237 1782 acquirere

248 1779 357 1852 Deum
374 1790 507 1867 propter
524 1773 697 1859 Christum
719 1773 933 1844 mediatorem
955 1789 1126 1858 nostrum,
1157 1797 1206 1842 nos
1220 1773 1238 1860 ju

248 1873 421 1946 essanctos
433 1875 594 1952 reputare.
636 1863 683 1928 Et
697 1859 757 1952 etsi
771 1875 938 1954 peccatum
948 1856 985 1926 in
1000 1881 1099 1956 carne
1114 1857 1238 1953 nondun,

246 1969 289 2016 ne
304 1943 453 2014 ablatum
468 1949 500 2014 e't
517 1959 684 2014 mortuum
708 1962 773 2025 est,
805 1960 915 2014 tamen
936 1947 1030 2014 Deus
1054 1941 1143 2013 rllud
1163 1941 1238 2012 nebu}

248 2028 319 2100 vult
336 2028 519 2123 imputare,
541 2053 600 2098 nec
611 2027 810 2098 meminisse.
908 2070 910 2075 ·

331 2119 421 2184 Hanc
436 2111 543 2196 fidem,
563 2112 818 2195 renovationem,
841 2111 1116 2188 etremissionem
1129 2127 1238 2209 peccatu

247 2213 431 2293 sequuntur
446 2197 659 2293 honnop'era.
690 2195 1238 2292 ⁴thuodin'illis‘pollutuuretirrp

246 2285 366 2356 fectum
378 2298 443 2365 est,
464 2308 528 2376 pro
541 2299 675 2376 peccato
689 2298 723 2353 et
738 2281 864 2352 deiectu
885 2307 954 2352 non
973 2300 1143 2370 censetur,
1171 2281 1234 2376 idque

246 2370 313 2452 iam
328 2384 466 2466 propter
483 2367 791 2461 Chris'tum,.atque
816 2366 864 2438 ita
880 2384 967 2441 totus
989 2365 1115 2454 homo,
1145 2383 1238 2456 curru

245 2478 422 2554 personam
438 2477 548 2535 suom,
571 2469 651 2524 ‚tum
665 2451 776 2548 quoad
801 2477 902 2548 opera
923 2477 1000 2534 sua,
1029 2453 1140 2544 justus
1161 2469 1189 2522 et
1205 2473 1237 2534 sau

245 2557 341 2616 estet
356 2536 542 2608 nominatur
550 2539 596 2606 'ex
611 2535 822 2626 mera-gratia
836 2553 868 2607 et
890 2532 1137 2622 misericordia,
1157 2537 1187 2606 in
1202 2533 1237 2606 Cn

245 2647 423 2720 supernos
442 2619 565 2704 effusa,
593 2645 739 2716 expansa
761 2637 793 2692 et
812 2619 1019 2718 amplificata.
1070 2625 1181 2712 Quare
1199 2617 1236 2711 gift

243 2705 289 2780 ob
307 2706 423 2778 merita
439 2721 470 2774 et
483 2730 581 2806 opera
593 2731 662 2776 nou
677 2730 861 2799 possumus,
882 2731 958 2776 cum
971 2709 1096 2802 absque
1110 2705 1236 2800 gratian

244 2791 419 2866 sericordia
436 2788 660 2884 asprciuntur,
683 2789 752 2873 sed,
774 2807 811 2876 ut
825 2787 982 2886 scriptum
1000 2807 1069 2875 est,
1097 2821 1112 2860 1
1132 2785 1235 2860 Coett

243 2875 422 2970 gloriatur,
443 2873 479 2945 in
493 2873 639 2945 Domino
652 2872 829 2966 glorietur,
851 2874 941 2972 quod
962 2875 1084 2946 scilicet
1102 2875 1235 2957 habeatis

243 2961 433 3060 propitium.
477 2956 534 3030 Sic
548 2959 635 3029 enim
655 2957 764 3044 omnia
776 2959 861 3030 bene
875 2983 910 3030 se
924 2957 1052 3030 habent.
1075 2961 1234 3110 Dicimuppt

216 3097 220 3104 1
243 3063 348 3136 terea,
368 3043 428 3114 ubi
443 3060 697 3142 nonsequautur
712 3043 800 3118 bona
812 3069 929 3140 opera,
950 3045 1000 3118 ihi
1013 3045 1113 3120 fidem
1126 3071 1188 3118 esse
1228 3059 1234 3131 ᾗ

214 3149 354 3206 ἐῑιιοιι
367 3153 487 3204 veram·
706 3157 708 3166 ’
904 3145 931 3174 ”

348 3291 351 3300 .
421 3309 425 3328 ,
496 3323 590 3402 xlv.
642 3326 700 3402 De
724 3325 828 3404 Votis
854 3324 1079 3400 Mo'nasticis.

248 3475 250 3480 ’
325 3469 416 3560 Quia
435 3485 516 3544 vota·
534 3472 712 3544 monastica
736 3501 753 3547 e
779 3473 939 3546 diametro
962 3487 1113 3566 pugnant
1131 3489 1231 3564 comp

147 3595 152 3608 ·
238 3554 413 3652 principali
427 3555 581 3638 articulo,
602 3555 678 3627 ideo
701 3557 796 3654 plane
822 3559 1008 3653 abroganda
1030 3576 1117 3630 sunt.
1170 3561 1231 3702 Eap

238 3657 333 3726 sunt,
356 3643 529 3736 dequibus
555 3639 708 3722 Christus,
726 3642 833 3742 inquit
853 3643 970 3712 Matth.
994 3644 1115 3715 XXIV.
1162 3647 1230 3732 Ego„

238 3719 411 3824 Curinus,
434 3737 496 3825 etc.
538 3726 611 3814 Qui
625 3724 712 3796 enim
724 3750 837 3802 votum
855 3724 933 3796 sacit
946 3725 981 3796 in
1000 3713 1230 3798 monasteriae

238 3809 290 3893 dr,
314 3835 342 3878 rs
355 3809 458 3879 credet
506 3836 540 3880 se
562 3810 648 3882 vitae
669 3813 832 3886 rationem
852 3811 1045 3882 sanctiorem
1069 3813 1211 3894 initurum

237 3919 335 3994 quam
348 3894 405 3962 alii
432 3860 620 3968 Cirristiani·
633 3895 772 3984 ducunt,
800 3895 921 3971 et'suis
938 3921 960 3965 o
985 3896 1093 3967 eribus
1115 3921 1176 3966 non

84 4057 89 4071 ,
236 3977 321 4061 sebi,
342 3979 399 4048 sed
416 3978 514 4050 etiam
530 3980 604 4050 aliis
625 3981 751 4052 coelum
773 3983 890 4054 mereri
909 3919 990 4059 vuli.
1049 3985 1206 4052 Hoeven

189 4121 192 4130 .
236 4062 329 4134 aliud
349 4079 417 4146 est,
447 4089 551 4160 quam*
573 4063 741 4222 Chrizpem
759 4071 905 4162 negare?
953 4071 1002 4137 Et
1029 4064 1184 4138 Pontificii
1197 4081 1226 4144 α

235 4146 364 4226 Thema
383 4149 498 4220 ,dicere
526 4174 593 4220 uon
619 4174 655 4220 er
701 4171 830 4236 escunt,
876 4163 990 4220 votum
1010 4147 1208 4220 monasticum

58 4225 61 4230 ⁵
87 4205 89 4214 ,
177 4293 181 4304 .
232 4232 369 4330 aequale
387 4248 419 4304 ct
430 4259 492 4328 par
506 4231 688 4329 Baptismo.
713 4239 821 4340 ‘'Haec
836 4233 1041 4330 blasphemia
1055 4252 1103 4306 eat
1120 4234 1154 4306 in
