2618 4902
86 356 105 364 -
160 269 180 306 a*
252 268 360 408 ms,
622 389 623 395 ,
676 322 910 427 “Apologia
1080 316 1082 324 ’
1148 291 1156 298 ¹

126 491 142 564 '-
190 539 192 548 ,
252 504 284 578 si
307 505 445 578 verbum
467 477 573 576 buum
594 504 819 592 addidissent,
846 508 887 578 de
910 507 973 578 lide
994 499 1195 595 consolante,
1219 523 1243 580 et
1256 505 1274 590 el

252 587 347 682 genle
365 589 587 663 conscientias.
628 595 725 663 Nunc
740 593 780 664 dc
795 591 857 662 hac
871 591 935 665 fide
950 611 1164 690 consequente
1181 593 1274 684 renisu

142 751 146 761 ,
252 703 331 748 nem
344 691 564 768 peccaterum,
584 675 734 748 nullaest
744 675 920 771 syllabain
939 693 1030 748 tanta
1044 675 1132 748 mole
1146 679 1274 764 constituri,

172 818 174 826 .
252 785 351 843 num,
375 760 569 852 glossarum,
582 765 819 845 Summarum,
844 760 1165 834 Confessionalium:
1186 787 1274 857 nosque

239 845 301 916 -ilri
320 845 474 916 Christus
494 845 632 938 legitur;
655 863 782 918 tantum
796 845 953 940 leguntur
964 847 1207 945 supputationes
1225 869 1274 944 pecu

251 947 373 1002 terum.
416 935 462 1002 Et
485 931 627 1002 maxima
650 938 734 1028 pars!
757 931 962 1004 consumitur
990 957 1026 1000 in
1051 937 1203 1028 peccatis,
1229 951 1274 1014 cert

239 1016 447 1106 ‚traditiones
471 1013 650 1100 humanas,
686 1041 771 1111 quae
800 1034 849 1088 est
871 1012 1057 1086 vanissima.
1099 1021 1184 1088 Haec
1201 1015 1274 1088 dectd

250 1101 365 1192 adegit
378 1099 498 1176 multas
513 1099 727 1199 piasgmentes
742 1104 784 1190 ad
799 1099 1078 1196 desperationem,
1108 1125 1189 1204 quae
1200 1123 1274 1194 nenpt

249 1203 384 1260 suerunt
394 1184 621 1286 acquiescere,
651 1187 730 1281 quia
745 1185 945 1269 sentiebant,
976 1188 1048 1278 jure
1068 1187 1177 1258 divino
1196 1207 1274 1258 necet

35 1291 37 1316 t
146 1325 148 1333 .
246 1271 336 1341 ‘riam
351 1297 419 1342 esse
432 1284 728 1356 enumerationem,
758 1287 912 1344 ettamen
929 1269 1177 1369 experiebantur
1190 1278 1274 1367 impert

249 1351 349 1426 bilem
367 1380 446 1426 esse.
488 1355 555 1425 Sed
572 1354 706 1426 haerent
730 1356 795 1427 alia
815 1383 883 1427 nen
905 1371 1035 1427 minora
1046 1355 1132 1428 vitia
1155 1357 1187 1428 in
1200 1355 1274 1432 decuit

162 1452 172 1472 ”
235 1441 512 1516 ,adversariorum
529 1441 803 1538 deposuitcntia,
827 1465 914 1538 quac
930 1442 1248 1534 jamrecensebimus.
1273 1469 1274 1474 ¹

472 1661 619 1752 isne
657 1672 1050 1748 Poenitentia.

332 1873 380 1938 nv
397 1840 936 1969 nnr1cue0nuonscruo
957 1867 1100 1965 petant
1114 1869 1274 1965 primane

35 1975 36 2008 1
152 2013 161 2024 .
203 1929 210 1944 Ι
248 1966 331 2035 te'm,
358 1978 424 2047 qua
446 1953 657 2052 exponimus,
689 1954 807 2051 Lapsis
835 1972 911 2049 post
929 1957 1138 2049 Baptismum
1160 1961 1274 2041 continget}

247 2063 345 2134 posse
381 2062 608 2134 remissionem
643 2057 868 2134 pcccatorum,
906 2065 1102 2135 quocunque
1127 2037 1274 2133 'temperet

248 2121 508 2218 quotiescunque
532 2141 769 2194 convertuntur.
813 2125 998 2197 Secundam
1025 2141 1154 2220 partem
1178 2125 1274 2192 damnet

244 2207 282 2276 in
298 2231 365 2303 qua
398 2207 595 2290 ‘senitentiae
620 2225 730 2304 partes
757 2208 895 2296 dicimus
915 2235 985 2280 esse
1008 2210 1229 2279 contritionem
1240 2187 1274 2298 etl

179 2333 184 2338 =·
228 2293 333 2370 ,dem
356 2298 359 2306 '
387 2309 482 2382 egant
499 2293 600 2368 iidem
616 2321 685 2365 esse
704 2295 842 2393 alteram
855 2309 980 2391 partem
994 2293 1221 2389 poenitentiae.
1240 2293 1274 2380 Qu

111 2443 113 2452 ,
169 2379 189 2445 J
245 2375 319 2462 bic,
349 2377 491 2460 Carele,
528 2382 651 2450 Caesar
681 2379 915 2465 invictissime,
951 2379 1138 2450 faciamus?
1181 2383 1274 2458 llaect

152 2518 161 2554 s
244 2461 382 2558 propria
401 2489 464 2533 vor
482 2459 674 2560 Evangelii,
711 2467 801 2559 quod
819 2466 883 2535 fide
904 2489 1146 2560 consequamur
1172 2455 1274 2560 remisiq

159 2605 164 2611 .
243 2573 320 2618 nem
336 2555 555 2642 peecatorum.
596 2553 688 2630 Hanc
701 2575 814 2620 vocem
828 2555 922 2619 Evan
944 2547 1002 2620 elii
1018 2551 1176 2629 damnant
1189 2549 1274 2634 ise'sd

269 2648 356 2702 teres
375 2633 616 2706 confutationis.
660 2641 730 2704 Nes
745 2577 949 2724 igiturnulii)
964 2636 1064 2705 mode
1075 2697 1079 2702 .
1089 2629 1232 2706 assentiri
1247 2637 1274 2706 etl

191 2735 215 2774 ·'
243 2657 398 2790 lutationi
426 2732 612 2812 pessumus.
654 2723 730 2790 Non
753 2743 929 2814 possumus
957 2719 1205 2810 saluberrimam
1224 2725 1274 2792 vect

242 2799 436 2892 Evangelii,
472 2817 505 2875 et
528 2803 661 2900 plenam
695 2803 931 2884 consolationis
962 2805 1130 2880 damnare.
1182 2799 1274 2894 Quidt

157 2922 180 2962 .·
241 2885 337 2978 aliud
347 2909 483 2977 negare,
513 2891 603 2983 quod
620 2889 683 2960 fide
697 2889 1177 2984 consequamurremissionem
1189 2897 1274 2984 peccat

240 2997 336 3055 rum,
359 2995 459 3066 quam
471 2975 665 3046 contumelia
679 2974 808 3046 afficere
822 2973 1017 3068 sanguinem
1032 2991 1066 3045 ct
1081 2993 1218 3047 mortem
1230 2965 1274 3038 Clt

156 3135 159 3140 ¹
241 3061 306 3128 sti?
343 3061 512 3148 Rogamus
524 3059 625 3150 igitur
642 3077 691 3145 te,
725 3058 867 3144 Carele,
901 3063 1024 3130 Caesar
1039 3059 1274 3136 invictissimae

138 3166 140 3174 ’
168 3170 175 3219 1
240 3167 301 3212 nes
315 3140 355 3211 de
371 3140 433 3211 hac
449 3146 665 3230 semanima,
694 3169 778 3239 quac
794 3143 1009 3240 praecipuum
1027 3145 1201 3239 Evangelii
1214 3143 1274 3236 lecu

211 3313 214 3320 Ι
241 3253 324 3322 quae
339 3251 450 3296 veram
462 3227 587 3298 Christi
610 3258 648 3302 co
695 3229 849 3314 itionem,
881 3253 966 3332 quae
989 3256 1104 3300 verum
1125 3230 1240 3302 cultum
1254 3225 1274 3304 ll

239 3311 395 3396 continet,
416 3312 575 3412 patienter
589 3333 622 3386 et
657 3315 810 3406 iligenter
822 3316 938 3385 audeas
954 3331 985 3384 et
1000 3339 1186 3407 cognoscas.
1227 3311 1274 3394 Cot

238 3398 367 3492 perient
381 3422 470 3468 curm
486 3425 600 3470 omnes
614 3399 693 3471 beni
708 3400 788 3482 viri,
821 3425 882 3471 nos
902 3397 1065 3470 inhaere
1084 3400 1192 3496 praeci
1215 3421 1246 3465 ue
1256 3389 1274 3484 dt

152 3539 172 3562 ,
238 3482 343 3552 cuisse
360 3507 452 3566 vera,
479 3483 554 3577 pi'a,
584 3483 1157 3556 salubria-etneccssariaunirersae
1170 3424 1274 3552 Eieleet

239 3565 375 3666 Christi.
416 3569 634 3663 Comperient
650 3567 833 3722 exscriptis
850 3586 1038 3640 nestrorum
1053 3569 1229 3664 plurimum
1243 3563 1274 3634 lut

238 3675 409 3722 accessisse
424 3658 516 3724 Evan
541 3653 626 3738 elio,
655 3671 688 3727 et
707 3680 763 3723 mu
780 3671 830 3724 tes
880 3653 1055 3730 ernicieses
1076 3679 1203 3724 errores
1218 3661 1274 3728 eud

238 3737 331 3807 datos
346 3763 436 3822 esse,
466 3679 586 3833 quibus
602 3754 697 3810 antea
714 3740 831 3818 obruta
849 3680 914 3826 luis
927 3739 1078 3810 doctrina
1099 3740 1138 3808 dc
1160 3733 1274 3833 poenitet

236 3820 303 3907 tia,
333 3849 394 3916 per
412 3821 689 3894 scholasticorum
707 3841 740 3894 et
754 3823 1011 3897 canonistarum
1028 3823 1209 3918 opiniones.

319 3912 367 3976 Ac
382 3909 575 4004 priusquam
588 3909 771 3980 accedimus
791 3910 836 3979 ad
855 3908 1079 3997 defensionem
1101 3925 1228 3980 nestrae
1245 3915 1274 3998 sei

234 3990 371 4076 tonnae,
400 3993 462 4086 hoc
476 3994 696 4108 praefandum
715 4011 773 4068 est.
800 3997 945 4064 Omnes
968 3994 1049 4066 honi
1071 3995 1152 4078 viri,
1182 4001 1274 4062 errentl

146 4119 148 4124 ·
234 4077 388 4149 ordinum
406 4102 445 4148 ac
461 4077 656 4172 'theologici
674 4077 801 4150 ordinis
814 4077 933 4164 ctiam,
954 4075 1158 4168 hauddubie
1175 4077 1274 4146 fatue

232 4177 310 4261 ante
324 4160 460 4235 Lutheri
473 4163 611 4259 scripta,
640 4161 905 4250 confusissimam
921 4165 1022 4236 fuisse
1038 4161 1224 4236 ,doctrinam
1240 4171 1274 4252 pfl

231 4247 397 4328 nruntiae.
420 4255 559 4328 ,Eunus
575 4247 660 4332 libri,
670 4245 984 4337 Sententiarierum,
1014 4249 1074 4322 ubi
1090 4263 1166 4322 sunt
1180 4244 1274 4322 intret
