2618 4902
199 400 200 414 π
226 383 284 459 90·
681 355 865 464 Apologia
934 393 939 402 ¹

225 559 291 612 tus.
317 538 453 614 Interim
466 555 577 612 umen
593 539 663 611 vult
675 540 899 612 remissionem
913 557 1119 635 peccatorum
1133 543 1193 614 liele
1205 545 1275 640 accipi.

114 647 116 654 ’
226 629 325 698 Certa
333 643 381 695 est
393 625 480 698 euim
493 626 662 710 sententia,
672 651 773 722 quam
787 626 894 696 nullae
908 644 1023 720 portae
1036 628 1210 698 inferorum
1223 657 1275 698 ever-

198 765 200 774 .
225 727 295 782 tere
331 712 617 814 oterernaquodin
632 712 876 806 praedicatione
890 711 1275 806 poenitentiaenonsufficis

250 735 425 869 raciicatio
441 795 535 885 legis,
552 796 629 892 quia
647 796 797 866 lenirem
813 823 832 866 ο
857 813 978 879 oratur,
1000 815 1032 867 et
1048 822 1174 901 semper
1186 815 1275 868 accus

218 821 292 954 iel
309 897 438 976 oportet
450 823 855 977 addipracdicationemli

224 967 319 1038 uobis
332 964 481 1036 remissio
495 983 711 1062 peccatorum,
721 965 750 1037 si
763 969 935 1064 credamus
951 967 1047 1037 uobis
1060 969 1179 1038 remitti
1190 985 1275 1062 pecul

105 1057 107 1064 ’
223 1069 374 1150 propter„
387 1049 570 1122 Christum.
613 1048 752 1146 Alioqui
790 1061 924 1122 uorsu‘m
946 1063 1039 1148 opust
1053 1052 1275 1146 eratEvangelie,

225 1161 385 1234 quorsum
401 1160 482 1230 opus
497 1151 568 1218 crat
583 1135 739 1206 Christo?
768 1079 861 1208 rilaec
877 1137 1037 1207 sententia
1050 1163 1177 1230 semper
1190 1137 1220 1205 in
1232 1161 1275 1204 coe·

856 882 1004 974 vangelii,
1023 885 1112 978 quod
1123 899 1169 953 ita
1184 885 1275 952 donem

224 1239 337 1316 spectu
360 1245 429 1290 csse
442 1222 556 1306 debet,
577 1238 614 1289 ut
631 1245 672 1314 op
719 1221 866 1314 nipossit
880 1221 942 1305 bis,
966 1221 1024 1315 qui
1039 1223 1162 1316 abjecto
1181 1221 1274 1296 Christe

223 1305 332 1380 eleleto
353 1306 533 1396 Evangelio
563 1303 648 1375 male
694 1324 864 1401 etorquent
892 1309 1066 1398 scripturas
1091 1309 1134 1376 ad
1163 1307 1274 1374 humanu

223 1392 416 1492 opiniones,
445 1392 535 1494 quod
556 1390 780 1491 remissionem
800 1409 1009 1491 ¹peccatorum
1029 1417 1176 1492 emamus
1199 1389 1273 1460 uestri

109 1511 112 1522 ·
160 1529 164 1544 .
223 1477 388 1570 operibus.
432 1479 584 1547 Siceti'n
600 1475 932 1559 coucroueDamelrs,
961 1475 1273 1570 filesrequrreudaut

121 1584 124 1590 '
222 1567 299 1634 Non
314 1561 401 1632 enim
423 1561 553 1630 volebat
566 1560 684 1630 Daniel
702 1561 825 1651 Regem
842 1578 968 1629 matrim
990 1559 1221 1653 eleemosynam
1241 1559 1273 1624 lsr-

222 1647 296 1740 piri,
314 1647 369 1716 sed
387 1662 488 1716 totam
506 1643 737 1736 poeniteutiam
753 1645 987 1737 complectitur,
1011 1668 1084 1714 com
1099 1649 1162 1716 ait:
1184 1645 1273 1713 Redin

110 1809 114 1816 ,
217 1748 354 1828 peccata
369 1749 422 1800 tua
438 1727 671 1820 eleemosynis,
693 1731 727 1798 id
746 1747 812 1814 est,
834 1731 954 1799 redime
968 1747 1097 1823 peccata
1114 1749 1186 1812 tuo,
1208 1743 1272 1798 mute·

222 1817 315 1887 tione
330 1815 439 1886 cordis
452 1831 486 1883 et
502 1830 647 1907 operum.
698 1814 761 1884 llic
775 1831 885 1884 autem
898 1832 931 1884 et
952 1817 1032 1884 lldes
1043 1817 1231 1909 ‘requiritis
1254 1815 1272 1878 ll

131 1981 135 1990 Ι
221 1899 342 1972 Daniel
357 1901 397 1968 de
417 1897 509 1968 cultu
531 1897 628 1967 unius
643 1899 708 1968 Dei
725 1899 845 1982 lsrael,
871 1899 975 1972 multa
988 1900 1019 1970 ei
1032 1900 1273 1980 concionatum

211 2002 333 2077 'regem
347 1983 523 2067 convertit,
543 1982 734 2056 nonsolum
748 1986 791 2054 ad
805 1984 1025 2078 eleemosynas
1039 1983 1071 2053 la
1112 1987 1234 2068 ientlas,
1248 1977 1272 2047 sel

220 2069 328 2140 multo
345 2067 449 2160 magis
464 2067 630 2138 aelidem.
672 2073 770 2140 Extat
785 2069 871 2139 enim
886 2070 1017 2174 egregia
1032 2095 1093 2140 con
1109 2065 1272 2156 essio'llegis

222 2155 263 2225 tle
278 2154 352 2224 Deo
374 2151 489 2224 lsrael:
517 2155 593 2222 Nou
614 2169 664 2224 cst
683 2153 890 2237 aliusDeus,
919 2177 977 2248 que
990 2153 1093 2248 possit
1114 2154 1163 2224 ita
1185 2153 1271 2222 sslreu

220 2243 335 2333 tuque
349 2237 433 2310 duae
446 2254 521 2336 sunt
532 2255 640 2330 partes
652 2237 688 2308 in
702 2238 854 2309 concione
863 2240 1025 2311 Danielis:
1041 2238 1156 2331 Altera
1169 2263 1234 2332 pars
1245 2247 1271 2308 ol

105 2390 109 2399 .
221 2321 530 2420 quaepraeciprtele
550 2323 717 2396 novarien
740 2339 772 2393 et
792 2323 1066 2418 operibusnovae
1084 2323 1188 2408 utne,
1212 2321 1271 2390 alten

219 2433 304 2505 pars*
319 2424 386 2494 est,
438 2408 504 2480 uod
516 2405 637 2478 Daniel
652 2408 813 2501 promittit
825 2410 910 2500 Regi
924 2409 1149 2480 remissionem
1170 2420 1271 2502 peccato

187 2506 196 2538 s
219 2516 307 2566 rum.
355 2498 401 2564 Et
415 2435 504 2563 ilaec
525 2494 702 2586 promissio
725 2494 928 2564 remissionis
946 2497 1155 2588 peccatorum
1178 2517 1234 2564 uon
1248 2499 1274 2578 et,

218 2578 420 2674 praedicatio
439 2577 535 2677 legis²
571 2577 629 2648 sed
648 2603 722 2647 vere
742 2578 938 2672 prophetica
959 2596 993 2650 et
1013 2579 1208 2670 Evangelica
1234 2597 1271 2670 tos

221 2689 321 2760 quarn
344 2671 427 2732 corte
446 2661 552 2732 voluit
566 2662 687 2756 Daniel
709 2663 773 2733 liele
792 2664 902 2758 accipi.
951 2670 1058 2735 Norat
1082 2664 1172 2734 enim
1185 2653 1270 2732 Danti

219 2745 426 2842 promissam]
443 2771 511 2815 csse
531 2746 756 2818 remissionem
777 2765 983 2840 peccatorum
1007 2748 1043 2818 in
1068 2747 1219 2830 Christo,
1238 2763 1270 2811 net

219 2832 329 2904 solum
347 2829 522 2912 Israelitis,
544 2831 713 2902 sedetiam
730 2833 884 2904 omuibus
898 2833 1058 2925 gentibus.
1100 2831 1178 2902 Alio
1221 2831 1271 2898 inu

218 2915 381 3010 potuisset
400 2915 484 3006 Regi
498 2914 651 3006 polliceri
674 2915 898 2999 remissionem
916 2935 1133 3010 peccatorum.
1209 2921 1270 2986 ones

101 3027 103 3034 ⁴
143 3055 145 3067 .
219 3002 307 3072 enim
322 2999 483 3084 hominis,
510 3001 702 3094 praesertim
718 3001 752 3072 in
769 3001 949 3074 terroribus
965 3003 1104 3096 peccati,
1132 3003 1202 3072 siue
1222 3011 1273 3091 cert,

218 3087 319 3158 verite
334 3085 419 3169 Dei,
445 3101 588 3158 statuere
610 3085 650 3158 de
664 3086 833 3158 voluntate
846 3087 927 3170 Dei,
952 3087 1041 3183 quod
1061 3088 1159 3158 irasci
1178 3085 1270 3176 desinet

219 3179 270 3246 Ac
289 3173 388 3241 verba
402 3168 553 3241 Danielis
577 3169 613 3240 in
631 3197 691 3244 sua
706 3171 820 3266 lingua
843 3172 959 3242 clarius
979 3171 1019 3242 de
1036 3187 1104 3242 tota
1114 3171 1271 3302 poenitenti

185 3333 188 3340 ,
220 3255 422 3348 loquuntur,
449 3273 482 3326 et
500 3254 622 3325 clarius
641 3255 891 3351 promissionem
914 3257 1073 3332 efferunt:
1101 3261 1228 3338 leccata
1244 3265 1272 3340 tu

218 3361 278 3434 per
292 3340 455 3433 justitiam
467 3340 603 3424 redime,
626 3359 658 3412 et
670 3342 861 3436 iniquitates
876 3358 946 3411 tuas
959 3341 1123 3414 beneficiis
1138 3365 1211 3432 erga
1241 3341 1272 3423 etl

218 3447 323 3518 peres.
367 3425 569 3496 Haecrerlsa
584 3427 689 3520 praeci
714 3427 784 3496 iuut
798 3426 919 3497 detera
934 3427 1143 3518 poenitentia.
1189 3361 1271 3492 sule

220 3507 319 3594 enini,
339 3525 377 3579 ut
391 3509 578 3602 iatiustus,
602 3511 654 3580 dei
701 3537 718 3581 e
736 3527 772 3581 ut
784 3509 869 3582 liene
881 3527 1049 3616 operetur,
1069 3528 1121 3594 ut,
1170 3507 1271 3584 uodllt

220 3595 270 3684 gis
284 3595 428 3666 officiam
443 3594 690 3678 erat,.miseros
705 3595 857 3666 adversus
873 3593 1135 3687 injuriam-delen
1179 3611 1199 3664 t
1237 3587 1271 3656 Ju

153 3729 164 3753 s
219 3673 316 3752 uitia·
326 3695 436 3750 autem
452 3695 502 3748 cst
522 3677 603 3748 lides
618 3679 653 3748 in
667 3681 773 3750 corde.
824 3679 1041 3750 Redimuntur
1059 3697 1168 3752 autem
1184 3667 1271 3770 peccel

243 3791 280 3834 er
292 3763 537 3857 poenitentiam,
556 3763 672 3848 idest,
694 3763 856 3856 obligatio
871 3779 1051 3834 seureetus
1067 3761 1206 3843 tollitur,
1243 3773 1270 3822 u

254 3865 311 3918 eus
324 3847 501 3940 ignoscite
525 3847 650 3920 entibus
670 3850 922 3943 poenitentiam,
951 3849 1164 3920 sicutheclrL
1269 3903 1270 3908 η

218 3931 374 4024 scriptum
388 3948 448 4006 est,
515 3957 598 4030 eque
615 3932 690 4006 hinc
706 3934 1042 4018 ratiocinandumeet,
1063 3935 1154 4032 quod
1165 3919 1270 4034 ignes&

217 4034 353 4110 propter
364 4036 468 4110 opera
483 4017 669 4112 sequentia,
689 4037 826 4112 propter
838 4019 1057 4114 eleemosynas
1102 4017 1158 4088 sed
1172 3991 1270 4105 reneri

218 4119 351 4195 propter
371 4123 465 4174 suam
486 4100 759 4196 promissionem,
780 4102 851 4186 his,
883 4101 940 4196 qui
960 4067 1203 4197 apprelr'eudnnt
1220 4111 1269 4188 prt'

218 4185 424 4267 missionem
454 4208 514 4258 uec
532 4187 804 4281 apprehendenti
830 4187 894 4258 nisi
940 4185 1069 4262 uivere
1091 4187 1230 4260 credunt«
1255 4175 1269 4242 l

112 4295 115 4302 ’
218 4272 459 4380 lelepeccatum
481 4271 631 4359 meunt,
660 4287 857 4349 etmortem.
906 4204 951 4348 lii
970 4273 1075 4354 renati
1098 4271 1210 4366 dignes
1228 4259 1269 4334 lm

202 3814 205 3830 l

125 3857 132 3872 1
