2658 4892
116 383 119 394 .
189 282 267 377 ⁶¹4
342 249 345 258 Δ
533 278 710 394 Fornula
724 243 968 358 Concordiae.
1122 365 1130 374 g
1189 271 1193 276 '

189 466 388 564 ‘scripturam
412 466 455 539 de
478 463 543 539 lroe
562 465 898 560 negotiocogitatur,
924 487 985 561 per
996 462 1082 558 grati
1155 461 1259 534 Deilio

192 551 351 654 articulus
365 570 397 626 et
407 551 582 649 perspicue
595 569 629 625 et
652 554 764 624 dextre
777 548 941 642 intelligi,
972 565 1006 620 et
1024 547 1083 630 sal⁴
1149 565 1191 620 ter
1211 565 1258 620 tra-

263 665 275 708 1
398 692 406 708 .

192 656 262 712 cm
304 654 398 794 edwii
412 722 476 796 looe
497 723 541 794 ad
561 717 748 820 pleniorem
770 721 870 830 hujus
891 719 1016 814 negotii
1039 718 1261 791 declarationem

181 822 227 882 'et
239 810 415 881 salutarem
429 807 709 880 usumdoetrinae
727 809 767 878 de
791 805 902 878 divina
916 802 1205 902 praedestinatione
1218 804 1264 874 ule·

192 911 323 968 ntorum
343 894 560 978 adsalutem,
589 893 722 988 cognitu
743 907 792 964 est
815 890 1047 962 necessarium.
1098 893 1182 960 Cum
1199 891 1265 958 vide-

194 976 272 1074 licet
285 978 352 1050 ‘soli
368 978 466 1051 electi
490 979 676 1065 salventur,
707 1003 849 1074 quorum
862 975 1006 1048 'nomina
1031 978 1153 1072 scripto
1172 977 1265 1044 suntin

195 1063 285 1138 libro
305 1064 412 1150 vitae,
435 1066 603 1166 quomodo
619 1079 652 1136 et
674 1065 761 1134 nnde
781 1063 918 1155 agnosci
934 1060 1059 1158 possit,
1086 1061 1267 1156 qninausiot

191 1149 311 1308 pleon,
344 1167 377 1221 et
396 1151 519 1255 qurlpus
543 1147 625 1222 liaeo
652 1147 802 1220 doctrina
822 1146 941 1219 solatio
967 1171 1037 1218 esse
1057 1150 1165 1243 possit
1183 1161 1211 1218 et
1228 1146 1267 1215 le·

221 1250 282 1306 eal.
958 1299 962 1310 .

216 1327 222 1338 '
283 1321 335 1390 De
347 1316 410 1391 hac
423 1325 533 1392 autern
548 1322 738 1428 qpaestidnc
753 1344 822 1391 non
842 1319 1056 1412 judicandum
1071 1332 1124 1387 est
1144 1316 1269 1386 erratio

189 1403 251 1476 'nis
263 1421 393 1480 nostrae
407 1405 585 1492 sententia,
607 1405 665 1475 sed
681 1425 787 1500 nequo
803 1431 843 1476 ex
859 1405 949 1498 lege,
970 1428 1075 1500 neque
1092 1429 1133 1473 ex
1148 1399 1214 1470 ulla
1224 1399 1270 1468 ali-

199 1514 267 1586 qua
288 1507 420 1560 externa
440 1489 556 1586 speeie.
604 1495 649 1562 Et
668 1490 847 1562 cavendum
861 1507 930 1574 est,
958 1515 1000 1560 ne
1022 1485 1237 1559 absconditam
1251 1499 1271 1582 et
1299 1536 1300 1546 a

198 1573 453 1658 occultissimam
476 1577 518 1650 ab
542 1575 788 1676 ssum'diyiuae
813 1573 1125 1672 praedestinationis
1147 1587 1271 1729 pervest-

198 1685 278 1764 gare
320 1685 467 1732 onemur.
518 1601 610 1750 boin
632 1679 742 1755 potrus
764 1663 800 1730 in
817 1659 1000 1730 'revelatam
1011 1657 1084 1746 ¹Dei
1105 1684 1149 1728 vo
1164 1673 1272 1726 onnon

200 1762 273 1842 tntu
338 1742 400 1816 ilos
417 1761 558 1840 oportet.
599 1745 734 1816 Etenim
747 1761 852 1830 certos¹
872 1771 933 1816 nos
951 1741 1099 1815 reddidit
1123 1743 1164 1817 de
1183 1757 1272 1838 myste

99 1898 102 1920 ‚
201 1833 255 1902 rio
277 1855 355 1902 suae
373 1830 572 1915 voluntatis,
601 1831 702 1926 idque
729 1857 769 1900 ex
790 1853 909 1902 arcano
933 1827 993 1900 illo
1020 1827 1162 1901 consilio
1176 1849 1273 1918 suoper

203 1913 374 1991 Christum
402 1916 438 1984 in
460 1916 567 1986 lucem
586 1917 729 2012 produci
751 1914 896 2000 curavit,
927 1931 964 1986 ut
985 1913 1116 2012 publice
1138 1913 1274 2010 praedica·

203 2017 304 2072 retur.
337 2035 340 2046 ·
938 2019 943 2030 ’

214 2105 217 2112 ·
287 2085 343 2154 Ad
360 2082 446 2156 hunc
460 2088 597 2156 modurn
612 2103 723 2157 antem
739 2068 836 2155 nolris
857 2083 943 2166 illud
956 2111 1115 2158 areanum
1138 2081 1274 2159 consilium

205 2173 271 2270 Ilei
288 2167 462 2249 revelatur.
506 2177 601 2260 Quos
625 2169 894 2268 praedestinavit,
917 2169 1018 2266 elegit
1040 2190 1073 2244 et
1093 2169 1273 2269 praeordina·

206 2271 272 2340 ert,
295 2255 419 2352 (inquit
434 2257 560 2326 Paulus
583 2263 724 2328 Roman.
746 2259 852 2347 Vlll.)
876 2256 937 2326 hos
952 2276 984 2329 et
1006 2260 1148 2342 vocavit.
1189 2261 1272 2325 Dono·

140 2383 143 2389 -
205 2365 269 2410 nus
292 2357 401 2412 autem
424 2367 493 2412 non
507 2341 593 2412 solet·
619 2342 769 2414 homines
793 2340 982 2413 immediate
1003 2369 1143 2428 vocare,
1178 2343 1226 2412 sed
1240 2361 1273 2432 ptr

59 2445 61 2452 ·
135 2465 142 2484 s
207 2426 361 2511 verbum,
385 2430 470 2497 unde
488 2443 519 2498 ot
525 2429 715 2530 praecepit,
744 2451 804 2496 suo
820 2428 955 2498 nomine
980 2429 1167 2522 praedicari
1217 2421 1274 2496 oeni·

207 2510 343 2580 tentiam
359 2522 392 2581 ot
408 2505 633 2588 remiseronenr
650 2527 868 2609 peccatorum.
911 2515 1001 2584 Idem
1023 2530 1163 2586 testatur
1204 2507 1275 2586 aulos,

96 2591 113 2616 ‘
209 2625 227 2664 2
246 2594 396 2666 Corinth.
411 2599 454 2665 V.
472 2597 599 2686 dicens:
622 2602 689 2670 Pro
707 2595 841 2668 Christo
860 2595 1022 2691 legatione
1036 2597 1216 2692 fungimur,
1229 2609 1275 2662 tau

208 2703 310 2776 quant
326 2681 615 2782 praemonente
661 2709 697 2753 er
717 2669 793 2756 nos.¹
833 2681 1056 2754 Obsecramus
1078 2711 1145 2778 pro
1169 2681 1275 2756 Christo,

208 2766 467 2866 reconmloamint
483 2773 566 2838 Deo.
592 2825 595 2833 ,
648 2785 661 2840 t
688 2763 846 2864 parabola
868 2769 1065 2858 Etangelica
1090 2769 1200 2850 docet,
1225 2787 1275 2833 con·

208 2859 321 2952 vivas}
343 2877 428 2952 quos
447 2877 504 2924 rex
524 2850 567 2922 ad
581 2853 640 2924 lilii
662 2852 714 2924 sui
736 2852 868 2948 nuptias
893 2854 1065 2924 convenire
1082 2853 1227 2934 volebat,
1241 2869 1276 2941 pt

209 2959 347 3006 emrssos
362 2941 466 3037 ipsius
486 2937 660 3010 ministros
690 2936 852 3024 invitatos]
868 2955 900 3010 et
913 2956 1047 3012 vocatos
1068 2953 1154 3011 esse.
1191 2941 1229 3008 Et
1242 2956 1275 3000 st·

210 3045 254 3090 ne
268 3027 434 3093 Dominus
450 3046 485 3093 un
502 3021 632 3094 vineam
651 3047 745 3094 suam
766 3038 861 3094 vocat
889 3023 974 3096 alios
990 3025 1127 3121 quidem
1144 3015 1274 3176 horaptl·

105 3141 107 3146 ·
211 3129 285 3189 ma,
314 3105 398 3178 alios
421 3107 536 3194 tertia,
565 3127 674 3196 sexta,
702 3133 809 3194 nona,
846 3109 898 3179 vel
921 3112 1019 3180 etiam
1039 3110 1211 3183 undecima
1241 3122 1275 3172 01²

210 3190 329 3265 March.
344 3197 417 3264 XX.

219 3277 239 3380 ⁴·
299 3275 337 3347 si
351 3277 454 3370 igitur
466 3296 629 3350 aeternam
651 3276 841 3365 electionem
854 3279 904 3369 ad
924 3277 1064 3351 salutem
1088 3279 1213 3352 utiliter
1223 3295 1274 3344 ooo·

211 3361 355 3432 arderarc
371 3361 591 3451 voluerimus,
614 3365 799 3436 firmissime
814 3381 848 3434 et
864 3379 1051 3438 constanter
1064 3365 1155 3438 illud
1169 3362 1273 3436 retineo-

213 3437 295 3548 dum
311 3463 376 3531 est,
398 3451 487 3546 quod
503 3475 570 3520 non
590 3465 716 3539 tantum
730 3449 929 3556 praedicatio
942 3453 1180 3552 poenitentiae,
1199 3463 1274 3515 vtfflffl

212 3549 311 3633 ettam
333 3535 511 3632 promissio
531 3531 701 3626 Evangelii
716 3533 988 3620 connivendo,
1010 3536 1073 3608 hoe
1088 3554 1157 3621 est,
1179 3533 1217 3604 ad
1229 3551 1274 3621 on-

214 3643 273 3688 nes
295 3618 643 3715 homines‘pertineat.
692 3621 777 3689 Eam
805 3619 856 3690 olr'
872 3643 1004 3691 caumm
1036 3623 1187 3705 Christus
1212 3617 1273 3709 jorot

213 3703 394 3808 praedicari
413 3709 450 3776 in
463 3704 595 3800 nomine
613 3729 673 3774 suo
688 3701 925 3801 poenitentiam
945 3722 977 3776 et
992 3708 1213 3778 remissionem
1224 3719 1273 3792 pet(

215 3795 364 3861 catorum
381 3814 417 3858 rn
432 3816 545 3860 omnes
558 3806 679 3882 gentes.
721 3795 813 3858 Deus
829 3789 916 3857 onim
931 3793 1091 3870 mundum
1107 3789 1228 3868 dilexit,
1244 3803 1272 3848 εἰ·

215 3901 280 3972 que
310 3874 416 3956 filium
443 3899 541 3946 suum
570 3874 777 3968 unigenitum
810 3873 966 3960 donavit,
1004 3875 1155 3948 Christus
1182 3879 1272 3969 peceat

216 3961 332 4050 mundi
348 3959 491 4054 sustulit.
534 3961 625 4032 ldom
641 3983 771 4030 carnem
788 3984 880 4030 suam
897 3963 1033 4033 tradidit
1056 3989 1118 4060 pro
1134 3953 1231 4034 mundi
1242 3971 1271 4044 o-

217 4053 266 4127 ta;
289 4044 392 4144 ipsius
408 4045 542 4136 sangnis
558 4044 748 4141 propitiatio
770 4060 819 4114 est
833 4067 895 4140 pro
916 4048 1015 4120 totius
1037 4047 1154 4118 mundi
1167 4049 1272 4140 peccaut

219 4129 372 4220 Christus
388 4131 482 4202 dicit:
508 4131 627 4200 Venite
643 4130 688 4199 ad
700 4157 753 4202 rne
767 4154 899 4213 omnes,
954 4134 988 4203 ui
1003 4133 1157 4214 laboratis
1177 4141 1204 4198 et
1219 4139 1268 4218 ⁰.¹¹‘'

204 4215 298 4326 ‘patio
315 4213 403 4305 estis,
429 4232 461 4290 ct
476 4214 696 4308 egoreliciaon
711 4239 780 4290 vos.
823 4219 914 4294 Deos
931 4219 1041 4295 omnia
1054 4205 1268 4302 ieiunetur
1300 4225 1301 4228 ’

196 4487 198 4494 ·
280 4467 292 4510 l
