2548 4906
259 313 270 338 ⁰
367 303 368 310 Ν
415 313 677 418 confessionis.
1027 317 1096 418 ¹57
1146 293 1169 312 ”

40 437 47 464 Ι
231 461 234 470 ,
953 441 957 452 ,
1052 426 1056 440 .

1 505 150 578 endum
168 501 389 574 sacramentis.
405 496 476 574 rite
488 479 979 594 damnamusroumptpulm
993 501 1100 574 Solio-¹

4 594 188 666 ,ficorum
212 589 418 669 doctorum,
443 585 503 679 qui
524 585 658 665 docent,
696 584 784 678 quod
806 599 1007 664 sacramenta
1033 613 1101 658 non

3 663 120 750 cebri
153 671 309 756 obicem,
330 670 659 760 conseruntgratiarn
684 679 722 758 e'x
746 695 843 762 opere
867 684 1009 765 operato
1025 672 1099 744 siue

4 789 60 834 no
100 773 208 828 motu
233 756 367 828 utentis.
388 761 497 844 :Haec
524 755 713 850 simpliciter
742 752 877 845 judaica
901 747 1015 848 opinio
1035 775 1098 848 pst,

4 855 142 930 stirap
154 843 245 935 quod
260 869 322 936 per
336 837 554 912 ceremoniam
566 839 799 932 lucrificentur,
820 839 892 908 sine
905 839 994 912 ho'no
1007 859 1101 912 motu
1180 839 1189 882 ὅ

2 933 114 1014 rdis,
148 925 216 1000 hoc
233 944 301 1010 est,
333 926 404 995 sinc
421 925 498 1002 fide,
536 931 703 996 Ettamen
721 923 801 994 haec
817 923 920 1019 impia
937 942 968 995 et
985 926 1098 1022 perni—
1186 995 1189 1012 ,
1259 969 1262 982 1

1 1037 65 1090 ssa
102 1013 244 1115 opinio,
275 1036 395 1100 magna
423 1009 617 1080 auctoritate
647 1011 803 1093 docetur,
840 1009 875 1078 in
899 1025 969 1080 toto
997 1037 1098 1102 regno
1149 1081 1153 1094 ,

2 1101 182 1173 ontificro.
226 1096 353 1184 Ppulus
375 1095 533 1164 reclamat
553 1110 717 1186 etnegat,
748 1085 916 1166 ahenam
937 1096 1100 1186 justifica·
1131 1167 1135 1170 .

5 1211 45 1256 m
74 1211 159 1254 esso
188 1179 466 1262 circumcisione,
483 1179 540 1252 sed
563 1177 846 1254 circumcisionem
876 1205 945 1250 esse
966 1181 1096 1273 signum
1166 1209 1170 1218 ¹

9 1272 203 1366 opositum
219 1265 263 1336 ad
273 1266 489 1356 ¹exercendam
503 1265 612 1336 fidem.
650 1271 706 1335 'lta
724 1287 785 1334 nos
801 1265 976 1350 docemus,
1009 1267 1099 1361 quod

20 1383 96 1426 usu
114 1368 398 1424 sacramentorum
414 1351 494 1418 tides
513 1351 629 1420 debeor
640 1349 807 1433 accedere,
832 1373 915 1446 quac
931 1353 1043 1422 credat
1057 1352 1099 1420 il-

35 1437 365 1538 promissionibus,·
379 1453 411 1507 ot
433 1435 569 1527 accipiat
594 1460 645 1504 res
669 1435 883 1530 promissas,
919 1462 978 1506 uae
1001 1435 1099 1506 ib'rin

9 1541 198 1598 eramento
229 1521 422 1598 offeruntur.
444 1525 511 1594 ¹Et
531 1536 580 1588 est
603 1519 690 1594 ratio
712 1519 813 1614 plana
844 1535 876 1590 et
896 1461 1098 1594 lenissima.

1 1609 178 1682 remissio
197 1625 246 1677 est
261 1605 410 1688 inutilis,
440 1603 504 1673 uisi
521 1603 585 1676 tide
601 1604 787 1700 accipiatur.
830 1609 875 1674 At
890 1610 1097 1678 Sacramenta

0 1736 4 1759 .
20 1715 60 1766 nt
77 1696 179 1785 signa
193 1691 458 1787 promissionum.
476 1689 594 1780 'igitur
607 1689 643 1760 in
657 1714 720 1770 usu
732 1691 827 1763 debet
841 1692 990 1762 accedere
1007 1689 1099 1778 fides,

39 1779 70 1850 si
88 1778 168 1876 quis
189 1793 299 1848 utetur
324 1775 443 1846 Coena'
452 1772 608 1874 Domini,
628 1776 688 1846 'sic
709 1792 835 1875 utatur:
865 1775 971 1864 ‚Quia
989 1777 1025 1847 id
1048 1795 1099 1848 est

0 1902 5 1932 ι
21 1880 235 1938 crementum
248 1859 325 1930 nori
338 1866 556 1946 Testamentr,
572 1877 625 1947 ut
638 1861 789 1930 Christus
802 1859 886 1932 clare
901 1859 999 1944 dicit,
1020 1861 1098 1932 ideo
1159 1881 1163 1888 ’

21 1966 114 2022 ,tuat
126 1947 193 2018 sibi
206 1945 321 2017 offerri
333 1961 385 2015 re's
404 1945 582 2040 promissas
603 1946 639 2014 iu
653 1968 739 2016 noro
753 1952 983 2030 Testamento,
1006 1943 1099 2020 scili-

3 2054 34 2106 ·t
55 2031 241 2128 gratuitam
259 2030 483 2103 remissionem
529 2048 722 2102 eccatorurn.
765 2035 812 2099 Et
832 2027 916 2100 hanc
942 2059 1013 2101 rem
1033 2033 1098 2102 fide
1154 2035 1170 2080 ¹·

1 2121 151 2216 ccipiat,
182 2116 455 2210 erigatpavidam
478 2056 733 2196 celnscientiam,
763 2131 796 2186 et
812 2117 930 2190 sentiat
952 2117 1096 2186 haecte-

18 2205 150 2276 imonia
165 2205 239 2271 'non
265 2227 334 2272 esse
349 2199 498 2284 fallacia,
529 2203 585 2272 sed
610 2213 677 2270 tarn
704 2216 805 2284 certa,
860 2227 937 2274 uam
959 2199 989 2270 si
1004 2207 1097 2275 Deus

14 2316 82 2362 ovo
115 2286 277 2357 miraculo
309 2287 349 2354 de
373 2285 464 2356 coelo
497 2287 702 2380 promitteret
732 2311 766 2355 se
796 2227 900 2377 velle
920 2289 1097 2374 ignoscere.

31 2373 92 2444 uid
112 2391 219 2450 autem
242 2373 432 2466 prodessent
456 2370 515 2450 illa
537 2371 695 2448 miracula
718 2387 749 2442 et
772 2372 1007 2473 promissiones
1030 2397 1098 2442 non

9 2455 164 2532 sedenti?
207 2461 252 2526 Et
268 2455 438 2552 loquimur
449 2451 503 2526 bio
520 2453 634 2526 deiide
649 2455 802 2550 speciali,
834 2481 917 2552 quae
957 2456 1100 2538 metenti

1 2541 210 2618 >remissioni
224 2542 335 2625 credit,
358 2565 425 2610 non
441 2557 570 2614 tanturn
585 2566 669 2635 quae
689 2543 855 2632 ingerere
872 2485 973 2612 credit
987 2547 1097 2610 Deum

4 2656 86 2714 mse,
114 2629 170 2715 sed
187 2653 271 2721 quae
291 2627 393 2698 credit
408 2626 523 2700 offerri
537 2626 760 2696 remissionem
775 2642 991 2720 peccatorum.
1034 2627 1098 2697 llic
1140 2643 1145 2660 ⁸
1182 2711 1185 2718 .

6 2741 80 2785 rsus
96 2712 285 2784 sacramenti
305 2710 492 2782 consolatur
512 2711 584 2806 pias
601 2729 633 2781 et
646 2711 782 2806 pavidas
798 2728 935 2782 ruentes.
977 2715 1097 2799 Quan-

8 2827 73 2869 um
87 2809 193 2867 autem
208 2798 243 2866 in
256 2796 407 2866 Ecclesia
421 2798 584 2865 abusuum
606 2797 769 2892 pepererit
790 2796 848 2866 illa
864 2796 1005 2890 fanatica
1019 2796 1096 2894 opi·
1112 2805 1115 2812 “

10 2887 60 2954 nio
84 2885 121 2952 de
141 2903 242 2976 opere
261 2897 394 2975 operato
418 2883 489 2952 siue
509 2882 601 2974 bono,
613 2899 716 2954 motu
741 2884 881 2963 utentis,
894 2908 999 2968 ‚nemo
1020 2909 1096 2974 ver-

11 2969 58 3040 sis
74 2991 162 3036 conse
187 2965 349 3059 uipotest.
391 2965 478 3036 Hinc
498 2983 547 3038 est
567 2965 628 3036 illa
648 2966 775 3036 infinita
794 2963 984 3060 profanatio
1012 2967 1095 3036 mis·
1176 3027 1179 3034 .
1262 2977 1266 2984 '

13 3052 126 3124 saruin.
148 2993 451 3122 diadematum
466 3052 621 3132 dicemus.
658 3058 773 3145 Neque
790 3049 859 3120 ulla
874 3049 970 3120 litera
981 3077 1020 3120 ex
1033 3079 1095 3122 ve·

15 3136 131 3209 teribus
147 3134 352 3228 scriptoribus
392 3136 509 3206 rolerri
529 3152 660 3232 potest,
690 3159 774 3228 quac
795 3136 1019 3230 patrocinetur
1036 3135 1098 3228 hac
1138 3203 1142 3215 ,
1191 3175 1193 3180 ·
1229 3199 1233 3210 .

16 3225 45 3292 in
70 3218 329 3292 rescholassicis
369 3161 444 3294 imo
470 3221 668 3292 sonnacium
690 3221 738 3290 ait
753 3222 976 3312 Augustinus,
1005 3221 1118 3317 quod!
1249 3233 1255 3256 ¹

18 3309 89 3378 ides
103 3307 302 3388 sacramenti,
331 3329 398 3374 non
422 3305 842 3398 sacramentumjustificet.
883 3310 928 3376 Et
945 3321 994 3380 est
1017 3323 1098 3379 nota
1150 3359 1152 3366 ι

20 3390 107 3468 Pauli
122 3389 285 3460 sententia:
321 3389 584 3463 Cordccreditur
601 3393 643 3480 ad
659 3390 833 3484 justitiam·
955 3427 989 3491 '3
1104 3431 1111 3442 ’

22 3517 25 3542 ;
97 3478 356 3546 ARTICULUM
370 3481 462 3548 XIV.
493 3477 528 3545 in
544 3503 610 3578 quo
627 3477 786 3562 dicimus,
812 3475 941 3548 nemini
953 3475 1019 3546 ursi
1032 3476 1096 3547 rite

24 3578 123 3644 nocato
143 3558 370 3630 concedendam
394 3583 463 3632 esse
484 3561 798 3632 administrationem
818 3579 1097 3633 sacramentorum
1165 3613 1168 3623 ‚

26 3641 188 3736 uverbiin
201 3645 362 3730 Ecclesia,
392 3647 440 3717 ita
463 3645 641 3740 recipiunt,
672 3645 701 3716 si
715 3665 824 3720 tamen
846 3665 977 3718 utamur
1003 3646 1097 3730 ordi,-

27 3731 143 3814 natione
156 3731 321 3800 Canonica.
364 3735 432 3802 Hac
448 3732 488 3802 de
504 3759 539 3802 re
558 3731 595 3824 in
618 3732 680 3802 hoc
697 3750 859 3802 conventu
875 3757 972 3828 saepe
989 3730 1096 3802 testati

29 3821 141 3895 turnus,
164 3838 217 3884 nos
238 3839 368 3886 summa
397 3816 567 3888 voluntate
596 3839 713 3913 cupere
735 3841 925 3888 conservare
970 3817 1095 3888 olitiam
1224 3895 1228 3903 ¹

31 3887 275 3996 Ecclesiasticam,
306 3917 339 3971 et
351 3903 471 3992 gradus
496 3900 532 3971 iu
545 3902 688 3972 Ecclesia
705 3901 808 4002 laotos
831 3902 929 3973 etiarn
946 3845 1096 4000 lumina
1135 3974 1145 3995 x

33 3998 203 4056 sustentate.
241 3987 370 4056 Scimus
385 3988 473 4058 enim
488 3987 576 4059 bono
600 4005 633 4058 et
647 3986 722 4058 urih
742 3987 882 4063 consilio
906 3987 1096 4056 a-Patrrbus
1137 4007 1139 4010 ·

34 4067 254 4152 Ecclesiasticam
278 4068 484 4165 disciplinam
508 4071 572 4144 hoc
593 4074 714 4155 modo,
741 4090 779 4142 ut
801 4091 924 4144 veteres
945 4073 1095 4144 Canonss
1119 4127 1130 4162 ,

37 4151 207 4246 describunt,
232 4157 441 4226 constitutam
454 4181 551 4244 essu·
579 4159 644 4228 Sed
657 4157 779 4253 Episco
804 4157 816 4226 i
833 4159 1014 4242 sacerdotes
1029 4179 1110 4246 no-¹

38 4253 170 4350 rtrosaut
179 4255 288 4334 cogunt
302 4241 364 4312 hoc
381 4241 681 4336 doctrinaegenus,
712 4183 802 4338 quod
814 4241 954 4316 confessi
969 4266 1093 4324 sumus,

1235 585 1243 616 l

894 4429 931 4444 οἱ
