2610 4892
189 320 314 420 Ἃοβ,
557 314 808 402 Cuteobismus
824 323 983 422 major.¹
1041 328 1043 338 '

213 499 324 582 Pater,
335 498 418 570 -ideo
432 501 482 570 ad'
491 515 524 571 te
538 492 669 581 oratum
684 503 797 586 venio,
821 516 859 574 ut
874 499 958 574 mibi
974 501 1123 594 ignoscas
1135 502 1272 598 propitius,

213 607 283 654 nou
301 586 391 678 quod
407 585 561 678 operibus
581 612 698 682 queam
713 587 909 673 satisfacere,
930 606 987 660 aut
1002 595 1129 660 veniam
1142 609 1164 660 ,a
1177 604 1204 657 te
1217 613 1273 682 pro-

216 668 352 750 mereri,
395 671 453 747 sed
476 699 550 742 cum
577 689 611 742 ιιι
639 671 700 742 hoe
721 673 817 744 nobis
838 673 1045 768 promiseris,
1075 675 1272 764 adiectaetian

216 752 409 852 spbragide,
433 772 549 824 uttam
564 773 669 826 certus
685 753 749 826 sim
763 758 893 840 veniae,
914 759 990 828 acsi
1002 759 1120 828 dictam
1134 773 1191 828 ate
1206 758 1273 824 aben

217 837 378 909 hittonem
397 840 625 940 accepissome·
646 845 812 928 Quantum
831 842 920 914 en‘rm
935 843 1125 936 Baptismus
1143 857 1174 912 et
1190 847 1275 912 Sacra-

168 998 170 1011 ,
217 941 363 994 mentum
381 951 441 1018 pro
456 941 584 998 externo
599 951 695 1016 siguo
710 930 921 998 constitutum
934 944 1097 1021 praestat,
1120 941 1231 996 tanturn
1244 943 1274 993 ιι-

216 1007 284 1080 iam
309 1008 371 1078 hoc
395 1009 525 1099 signum
548 1012 777 1082 conscientiam
810 1030 956 1082 nostram
982 1013 1192 1084 corroborare
1211 1029 1276 1103 atque

183 1103 187 1116 '
216 1092 396 1162 exhilarare
423 1111 546 1186 potest,
575 1113 622 1165 est
649 1097 688 1166 cie
712 1097 786 1168 ided
811 1097 993 1168 institutum
1007 1123 1070 1192 pro
1083 1095 1178 1181 aliis,
1196 1114 1226 1165 ιιι
1238 1095 1275 1164 huc

205 1178 372 1262 ,omnibus
394 1177 484 1248 horis
506 1180 554 1260 uti
569 1198 600 1251 et
623 1121 692 1250 llui
713 1206 888 1277 queamus,
904 1199 954 1252 ·ut
973 1209 1030 1268 re,
1067 1205 1169 1277 quam
1187 1191 1277 1274 senpu

217 1261 388 1332 nobiscum
404 1263 440 1332 iu
452 1283 572 1364 parato
585 1265 774 1373 habeamus.
843 1341 844 1348 ,
874 1315 876 1322 ι
951 1325 954 1334 .

558 1495 561 1502 -
583 1473 730 1540 suxrs
752 1429 981 1552 summos

316 1613 364 1684 Et
380 1637 428 1685 ne
444 1607 598 1686 inducas
610 1637 682 1686 nos
696 1613 736 1684 in
748 1613 999 1688 tentationem.

216 1825 219 1832 .
302 1779 379 1842 Jam
403 1775 537 1868 quidem
561 1777 642 1846 satis
664 1801 826 1871 superque
846 1777 1050 1859 audivimus,
1083 1789 1234 1867 quantum
1248 1796 1279 1840 rr-

199 1857 327 1960 lquirat
340 1859 462 1950 laboris
480 1877 513 1932 ct
529 1862 654 1954 operis,
678 1861 808 1946 omnia,
831 1885 1044 1958 quaecunque
1057 1883 1232 1951 precamur,
1249 1881 1279 1950 ft·

132 1993 134 2003 ,
214 1959 337 2026 mere,
359 1961 390 2018 et
405 1944 439 2014 in
456 1945 521 2017 illis
536 1963 721 2016 constanter
737 1972 959 2040 perseverare,
990 1963 1101 2021 tamen
1127 1944 1178 2012 vel
1200 1943 1237 2010 sic
1250 1967 1280 2004 ni

217 2027 288 2096 lieri
301 2054 408 2122 posse,
430 2030 700 2102 utuoulabamur
713 2049 745 2102 et
761 2029 1008 2104 hallucinemur.
1051 2029 1104 2096 Ad
1117 2029 1197 2097 baec
1208 2050 1280 2120 qnan-

214 2123 318 2206 quam
333 2131 514 2184 erratorum
528 2116 654 2186 veniam
672 2133 703 2186 et
718 2117 931 2188 conscientiae
949 2109 1218 2210 tranquillitatem
1230 2135 1280 2208 cop-

216 2223 413 2291 sequanmr,
442 2225 480 2270 ae
500 2227 561 2295 per
586 2201 696 2270 omnia
714 2226 735 2270 a
756 2202 894 2302 peccatis
915 2225 1038 2296 perpur
1061 2214 1109 2268 att
1129 2199 1241 2274 simus,
1256 2211 1281 2288 ll

211 2281 428 2355 ‚tamen'vitae
445 2303 575 2358 nostrae
591 2287 675 2356 ratio
693 2304 880 2381 comparata
899 2304 964 2370 est,
990 2223 1138 2354 utliodie
1155 2307 1230 2350 unus
1244 2277 1282 2374 ab·

219 2370 295 2460 quis
329 2384 409 2452 stet,
444 2387 576 2464 postero
598 2367 650 2440 die
678 2375 780 2441 cadat
838 2376 1051 2478 Quapropter
1076 2366 1199 2437 iterum
1219 2365 1282 2436 uobis

169 2497 188 2518 n
216 2455 379 2524 orandum
397 2471 462 2537 est,
485 2482 526 2526 ne
542 2481 603 2526 nos
620 2460 689 2550 jam
704 2455 897 2551 probitatem
921 2473 952 2526 et
974 2453 1139 2547 paetitiam
1161 2473 1282 2522 consecu-

217 2552 288 2616 tos,
309 2555 341 2608 et
357 2555 468 2630 pacata
483 2565 560 2630 erga
574 2547 682 2610 Deum
704 2541 899 2617 conscientia
919 2556 1104 2630 versantes,
1131 2555 1216 2608 retro
1230 2559 1282 2631 pro

186 2695 188 2720 ,
215 2619 300 2705 labi,
337 2648 386 2720 ac·
399 2625 615 2694 tentationum
648 2625 954 2721 impugnationibus
979 2627 1090 2699 cedere
1113 2621 1209 2695 sinat.
1248 2623 1283 2716 llll

186 2728 189 2743 ¹
216 2724 326 2776 autem
345 2707 465 2800 triplex
493 2711 650 2794 tentatio,
687 2737 744 2778 seu
766 2717 817 2798 (ut
838 2716 984 2782 Saxones
1009 2709 1115 2794 nostri
1141 2712 1209 2800 jam
1231 2705 1283 2798 ullu

216 2787 318 2864 locuti
332 2795 430 2882 sunt)
452 2795 647 2877 conversio,
661 2795 811 2866 videlicet
830 2795 959 2878 carnis,
982 2793 1098 2866 mnndi
1121 2811 1154 2864 et
1175 2787 1283 2882 Diaboli.

217 2876 388 2975 Siquidem
405 2879 549 2948 incarne
565 2905 734 2950 versamur
755 2905 793 2950 ac
817 2898 956 2951 veterem
982 2881 1152 2950 Adamum
1174 2877 1283 2946 humens

215 2979 337 3032 nostris
352 2962 708 3048 circumferimus„hic
730 2965 796 3034 suis
818 2981 966 3036 movetur
988 2965 1183 3048 affectibus,
1211 2979 1283 3030 etuas

215 3047 354 3117 subinde
395 3065 578 3134 revocatae
594 3049 715 3144 pellicit
727 3051 773 3118 ad·
784 3049 1039 3143 turpitudinem,
1061 3049 1105 3118 ad
1121 3047 1284 3118 socordiam,

151 3178 159 3200 .=
216 3132 260 3200 ad
274 3073 440 3234 crapulam
457 3149 488 3204 et
501 3133 704 3226 ingluviem,
732 3137 775 3204 ad
796 3135 968 3208 avaritiam
994 3151 1025 3203 et
1049 3132 1283 3204 fraudulentiam

216 3217 263 3298 ad,
273 3216 500 3312 decipiendum
517 3234 549 3289 et
563 3219 824 3290 defraudandum
860 3223 1034 3304 reximum,
1056 3236 1099 3300 et,
1123 3235 1159 3286 ut
1176 3219 1205 3284 in
1221 3240 1283 3308 suus

151 3338 153 3346 v
216 3325 272 3370 ma
285 3301 410 3386 dicam,
432 3304 475 3372 ad
489 3315 603 3402 omnes
620 3324 737 3405 pravas
763 3245 965 3399 cupiditates,
989 3329 1072 3398 quae
1085 3321 1204 3372 natura
1219 3299 1298 3384 nobo

65 3385 69 3400 '
149 3441 152 3446 r
199 3383 334 3457 ‘insitae
359 3405 451 3470 sunt,
475 3413 625 3483 quaeque
649 3414 684 3458 in
706 3390 1057 3490 uobissaepenumero
1077 3379 1298 3458 excitanturali

146 3515 151 3530 2
184 3473 185 3478 ’
217 3469 291 3539 aliis
324 3471 477 3544 videlicet
500 3473 685 3562 sodalibus,
723 3499 915 3568 perniciosis
939 3468 1118 3575 exemplis,
1152 3465 1284 3542 audiero

108 3607 111 3619 ,
217 3572 249 3624 et
263 3556 424 3640 videndo,
446 3581 619 3651 quae-non
633 3583 709 3628 raro
723 3557 774 3626 vel
796 3557 935 3628 Davidis
955 3584 1120 3642 animum,
1144 3557 1194 3626 vel
1212 3555 1235 3622 si
1246 3575 1284 3618 us-

215 3639 306 3734 piam
327 3641 433 3712 adhuc
460 3642 525 3712 suit
542 3640 786 3744 incorruptior,
824 3647 964 3738 pos'sunt
987 3643 1192 3714 inflammare
1215 3655 1285 3730 atque

218 3750 438 3819 corrumpere.
464 3749 469 3760 ’
491 3729 619 3798 Deinde
642 3727 719 3798 huic
738 3729 880 3798 succedit
899 3731 1060 3811 mundus,
1090 3751 1110 3797 a
1132 3751 1198 3822 quo
1213 3741 1241 3792 et
1250 3723 1285 3790 dt·

216 3811 275 3878 ctis
285 3810 431 3902 ,etloctis
446 3811 666 3897 offendimur,
697 3837 735 3883 ac
752 3812 849 3908 plane
865 3815 908 3882 ad
929 3809 1134 3883 iracundiam
1158 3827 1190 3882 et
1202 3809 1259 3902 imp
1273 3841 1284 3852 ·

138 3949 141 3958 .
215 3885 361 3964 tientiam
380 3896 618 3995 compellimur.
661 3904 827 4002 atquem
848 3900 1037 3969 summatim
1059 3901 1191 3967 virtutes
1211 3915 1285 3962 mun·

47 3967 51 3976 ⁵
122 4017 135 4027 ..
215 3979 316 4066 donas
333 3998 570 4079 perstringam,
590 3983 645 4052 bic
659 3981 744 4051 nibil
758 3983 848 4052 aliud
865 3983 976 4054 vldcrc
994 4001 1058 4065 est,
1081 4008 1181 4086 qupm
1197 3977 1285 4049 odium

216 4079 248 4132 et
267 4063 501 4150 invidentiam,
525 4067 732 4151 inimicitias,
764 4068 968 4150 simultates,
996 4062 1285 4160 jurgia,v1m,in·

201 4149 330 4239 jurias,
352 4150 536 4246 perfidiam,
559 4151 731 4235 ultionem,
753 4153 1035 4237 maledicentiam,
1059 4151 1204 4230 convitia,
1222 4169 1284 4214 con‘

217 4233 383 4322 tumelias,
402 4237 592 4332 superbiam
607 4253 640 4308 ct
649 4235 877 4322 insolentiam,
897 4238 1003 4310 nimio
1020 4253 1153 4326 ornatu,
1173 4237 1283 4308 honum
