2548 4906
201 317 205 329 Ι
233 327 307 450 aila
547 321 557 366 Ἰ
573 373 726 500 articuli
747 311 990 450 sinalealdlci.

231 553 325 634 litieo
343 564 430 624 statu
439 603 449 640 ,
472 577 556 649 quae
570 572 684 647 eontra
694 561 805 628 Deum
819 556 913 642 liunt,
935 554 971 626 ln
985 551 1131 637 Concilio
1146 567 1222 654 uacat

233 657 308 722 tur,
330 642 410 710 satis
423 665 588 736 superque
601 659 703 726 esset,
725 643 765 712 (le
824 641 898 714 ibus
916 657 1083 731 ageretur,
1102 661 1222 732 crecope<

233 741 285 794 aet
299 723 432 795 ludicris
448 741 479 794 et
494 725 697 816 jocularibus
714 753 773 800 con
791 725 1035 798 abulationibus
1051 725 1091 796 de
1112 739 1182 792 reste
1198 721 1222 804 ul

210 811 277 894 ,de
292 808 479 900 insignibus
496 809 726 894 verticalibus,
749 811 871 881 rasuris
894 827 926 881 et
943 807 1106 900 tonsuris,
1134 809 1167 877 de
1182 807 1211 876 eir

229 892 312 964 ‘latis
325 919 384 993 seu
395 893 554 978 baltheis,
584 897 626 965 de
649 895 892 994 Episcoporum
913 912 946 966 et
962 892 1176 992 Cardiualium
1190 831 1223 991 iul

235 981 373 1072 galeris,
421 978 492 1048 ilet's
513 995 545 1050 et
568 981 694 1052 baculis
717 998 750 1051 et
770 981 936 1052 similibus
954 979 1163 1050 vanitatibus:
1180 980 1223 1044 Sra

194 1063 196 1076 '
234 1064 301 1134 Dei
315 1005 507 1142 maniacum
524 1081 557 1136 et
571 1065 773 1138 voluntatem
786 1056 829 1136 in'
839 1064 1068 1136 Ecclesiastico
1083 1061 1219 1160 &folliu

237 1149 313 1219 dine
328 1148 622 1244 expedivissemus,
642 1151 720 1222 satis
733 1168 847 1248 postea
869 1150 930 1222 otii
942 1167 976 1222 et
992 1165 1147 1256 temporis
1166 1145 1224 1214 nolu

194 1292 198 1301 ,
236 1231 444 1328 linqueretur
457 1234 502 1302 ad
515 1235 787 1308 reformationem
802 1237 970 1320 ciborum,
990 1251 1140 1316 vestrum,
1158 1253 1224 1326 ceno

235 1337 439 1403 rasurarum,
462 1319 668 1406 casularum,
691 1337 750 1414 etc.
789 1323 852 1404 At,
885 1320 964 1416 quia
978 1317 1117 1390 camelos
1133 1315 1224 1406 degluti

196 1431 198 1438 ⁴
237 1419 271 1474 et
285 1401 408 1476 interea
423 1403 543 1474 culices
563 1406 770 1486 excolamus,
795 1407 904 1478 trabes
925 1394 1225 1500 relinquimus,·e·tll

237 1513 291 1560 cas
311 1488 513 1586 inquirimus
536 1507 570 1564 et
597 1491 805 1586 judicamus,
840 1490 1051 1590 supersedere
1083 1485 1225 1576 Coeerlop

237 1599 360 1647 truncus.
719 1602 723 1617 ,
1141 1635 1146 1656 ,

248 1691 251 1696 ·
317 1661 446 1729 Paucos
463 1657 568 1750 igitur
581 1659 747 1730 Articulos
764 1661 954 1758 conscripsi.
985 1661 1152 1731 Habemus
1165 1653 1226 1750 niul

237 1757 332 1813 antea
346 1742 426 1816 satis
439 1745 667 1816 mandatorum
681 1746 745 1816 Dei
762 1749 798 1816 in
811 1745 978 1830 Ecclesia,
1008 1747 1047 1816 in
1068 1742 1195 1840 politia,
1207 1757 1226 1805 ul

237 1825 407 1910 eunomia,
431 1829 550 1922 quibus
565 1830 750 1902 satisfacere
762 1837 931 1928 nunquam
955 1853 1143 1926 possumus.
1178 1825 1226 1912 alt

180 1956 184 1966 ι
237 1935 319 2004 ergo
332 1912 465 2006 prodest
487 1914 582 2009 copia
603 1914 668 1984 ista
688 1917 909 2002 decretorum,
939 1914 1154 1986 traditionum
1171 1927 1194 1983 ct
1209 1906 1227 1992 let

45 2061 46 2068 ,
134 2067 137 2073 Δ
237 1995 274 2066 in
291 1995 460 2082 Concilio,
485 2025 558 2070 curn
571 1999 750 2096 praecipua
765 2002 875 2100 9³le
896 2027 917 2074 a
935 2006 1008 2071 Deo
1022 2001 1227 2071 mandatam

238 2096 374 2167 rentur,
396 2107 455 2154 nec
469 2091 658 2156 serventur?
687 2107 878 2182 quasivero
899 2091 992 2178 Deus
1013 2089 1049 2154 in
1070 2075 1227 2172 ludicrislal

238 2169 362 2254 nostris
376 2168 600 2264 acquiescere,
622 2184 655 2239 et
675 2170 801 2245 interea
817 2196 877 2244 sua
891 2171 1008 2244 'divina
1027 2159 1228 2258 mandaupel

239 2265 278 2320 ut
291 2251 554 2338 conculcentur,
565 2255 653 2324 ferre
667 2263 813 2353 cogatur.
862 2261 1000 2326 Peccata
1018 2271 1135 2324 autem
1153 2263 1228 2346 nostul

194 2357 200 2371 ‘
238 2353 428 2438 aggravant,
450 2343 629 2410 neesi'nunt
641 2345 751 2412 Deum
763 2340 861 2413 nobis
869 2363 938 2412 esse
951 2339 1151 2438 propitium,
1168 2353 1228 2436 gout

239 2423 410 2494 artemiam
430 2449 499 2496 non
523 2425 674 2516 agimus,
696 2442 728 2498 et
749 2425 886 2526 iusuper
909 2451 1041 2499 omnem
1066 2425 1216 2497 abomuu

240 2506 417 2579 defendere
432 2508 600 2580 volumus.
958 2532 960 2543 ⁴

179 2666 183 2674 ,
325 2595 360 2660 0
382 2594 628 2665 DomineJesu
659 2593 808 2682 Christe,
842 2596 985 2668 tatium
1009 2610 1042 2666 et
1063 2593 1215 2666 celebrat

217 2703 221 2716 «
240 2675 446 2762 Concilium,
468 2693 500 2746 et
520 2675 628 2752 libera
644 2693 720 2752 tuos
733 2683 875 2756 adventu
890 2699 951 2752 tuo
964 2678 1128 2772 glorioso.
1166 2683 1229 2747 actu

239 2759 282 2828 de
296 2765 388 2854 Papa
404 2777 437 2831 et
452 2761 642 2838 Ponticis.
686 2764 732 2834 Hi
755 2788 786 2836 te
808 2791 877 2838 non
903 2782 1028 2837 curant.
1070 2771 1162 2834 Juva
1181 2773 1229 2846 crgtl

240 2844 378 2943 miseros
395 2862 429 2918 et
444 2845 579 2942 inopes,
598 2850 656 2944 qui
672 2849 715 2921 acl
730 2865 760 2920 te
772 2851 954 2940 gemimus,
974 2866 1007 2920 et
1020 2865 1054 2919 te
1070 2875 1111 2922 ex
1126 2846 1229 2937 cordtu

239 2951 345 3000 rimus
361 2933 539 3031 secundum
561 2935 712 3028 gratiam,
736 2961 835 3030 quarn
849 2935 945 3008 nobis
961 2934 1100 3018 dedisti,
1124 2949 1229 3034 perspu

241 3029 436 3177 §1¹¹1ssAE
450 3033 558 3181 efflue
575 3035 609 3094 et
631 3045 706 3098 cum
722 3023 822 3098 Patre
837 3021 921 3096 vivit·
934 3035 967 3096 et
987 3037 1126 3116 regnat,
1157 3008 1229 3090 tenu

242 3123 285 3172 rn-
432 3152 446 3192 ,.
533 3127 592 3198 eu,

358 3371 368 3403 Ι
