2618 4902
94 325 100 334 ¹
197 453 199 462 ,
254 308 349 426 roo'
420 383 432 467 i
567 351 571 362 '
721 349 900 452 Apologia

65 609 68 624 ,
172 613 175 623 ,
220 535 295 604 Atta
330 530 531 629 loquendum
570 535 639 611 εει,
701 554 776 602 uam
797 543 880 602 ‘cum
905 537 939 598 in
970 527 1198 625 Philosophia,
1228 529 1276 597 auti

163 629 171 644 “
248 617 322 691 foro
339 617 527 714 quaerimus
555 613 678 684 'ustitia
731 618 855 712 proprii
873 614 1003 711 operis,
1098 631 1214 694 ecerto
1231 613 1276 682 esti

169 773 171 780 ,
249 705 424 774 voluntate.
467 643 805 795 ldeol'aulusiuquit
830 703 938 776 1Cor.
963 705 985 770 l.
1030 636 1172 792 ῐῖξειιὸῐρεοΙ
1188 723 1235 768 vos
1253 699 1276 764 ut

223 873 227 879 .
251 791 286 858 in
304 789 436 878 Christo
444 791 551 885 desa,
582 785 640 882 qpi
657 784 761 854 iactus
778 802 825 854 εει
839 783 934 856 nobis
960 784 1119 881 sapientia
1142 789 1249 862 alteo,
1263 783 1276 870 jt

253 876 345 944 stitia
378 887 410 940 et
431 871 663 954 sanctificano,
696 887 727 940 ει
746 870 913 940 redemtio.
955 874 999 938 Et
1022 897 1039 937 a
1065 870 1143 940 Cor.
1164 873 1204 937 V.
1238 869 1276 934 Eu

97 987 99 994 ’
160 981 171 1002 t
253 959 390 1062 quinon
403 953 496 1026 novit
508 969 700 1050 peccatum,
730 953 899 1050 pron'obis
924 953 999 1026 lecit
1016 939 1196 1056 piceatum,
1223 963 1276 1018 utu

254 1039 456 1116 afficeremur
471 1038 595 1142 justitia
619 1036 689 1126 Ilei¹
708 1040 743 1108 in
758 1040 840 1135 ipso.
886 1040 951 1110 Sed
974 1064 1053 1143 quta
1073 1037 1197 1142 justitia
1220 1035 1276 1104 Chri

255 1131 394 1200 donatur
407 1126 501 1194 nobis
513 1149 572 1218 per
587 1123 704 1212 fidem,
732 1124 806 1194 ideo
823 1126 903 1195 fides
919 1141 966 1208 est
976 1123 1105 1216 Justitra
1115 1122 1249 1234 p'nnobis
1259 1119 1276 1185 ir

254 1212 421 1310 putative,
443 1208 478 1277 id
498 1226 563 1290 est,
586 1207 703 1291 estid,
734 1235 801 1303 quo
813 1259 815 1270 ε
827 1208 988 1277 efficimur
1010 1211 1132 1304 accepti
1151 1210 1232 1288 Deo,
1252 1227 1276 1298 pt

280 1315 330 1366 ter
345 1292 591 1388 imputationem
617 1309 649 1360 et
666 1285 908 1363 ordinationem
927 1292 1010 1373 Dei,
1040 1292 1123 1360 sicut
1143 1291 1250 1361 Paulus
1260 1311 1276 1354 u

254 1323 351 1452 iides
384 1380 564 1472 imputatur
593 1376 634 1445 ad
663 1377 833 1468 justitiam.
884 1383 950 1461 Et,
987 1377 1017 1445 si
1063 1393 1174 1470 reptet
1201 1395 1276 1444 moro

183 1491 187 1501 ·
256 1465 414 1561 quosdam
436 1465 665 1552 τεχνολεγικῶς
686 1459 889 1558 loquendum
905 1476 969 1533 est:
1013 1463 1111 1532 Fides
1133 1461 1213 1531 recle
1229 1459 1276 1554 estjt

256 1549 357 1630 stitia,
381 1548 459 1644 quia
472 1563 520 1616 est
533 1545 717 1630 obedientia
735 1572 811 1640 erga
824 1547 1055 1640 Evalrg'elium.
1097 1547 1276 1618 Constatura

257 1632 475 1726 obedientiam
492 1658 508 1700 ε
549 1631 722 1701 aedictum
738 1631 928 1728 superioris,
951 1631 1025 1706 vdre
1041 1655 1109 1702 esse
1126 1657 1141 1698 s
1166 1625 1276 1700 scienda

225 1769 230 1780 .
257 1717 430 1798 tributivae
448 1658 603 1810 iustiliae.
644 1719 689 1786 Et
718 1717 797 1788 haec
822 1715 1006 1787 obedientia
1034 1740 1111 1810 erga
1141 1659 1276 1806 livangelitt

257 1805 438 1897 imputatur
454 1825 515 1896 pro
527 1801 652 1904 justitia
665 1801 766 1885 adeo„
795 1813 970 1886 uttautum
986 1817 1119 1897 propter
1136 1800 1227 1879 lianc,
1254 1821 1268 1886 ι’

258 1887 320 1958 hac
339 1885 613 1984 apprehendimus
626 1886 873 1982 propitiatorem
890 1885 1077 1968 Christum,
1101 1885 1240 1986 placeant

87 1993 92 2004 “
196 2017 203 2030 ,
259 1995 378 2067 opera,
408 1995 465 2040 seu
485 1970 758 2063 obedtentiaerga
775 1971 890 2062 legem.
933 1975 1048 2066 Neque
1067 1997 1158 2040 emm
1174 1967 1230 2058 legi
1242 1990 1273 2033 sa¹

258 2055 416 2138 tacimus,
448 2056 507 2124 sed
531 2056 567 2123 id
592 2073 727 2150 propter
751 2056 920 2126 Christum
949 2057 1155 2125 condonatur
1176 2053 1265 2142 nobis,

258 2139 386 2212 Paulus
397 2140 459 2209 ait:
502 2139 604 2226 Nulla
622 2139 889 2220 nunc‘damnatio
914 2155 962 2209 εει
982 2141 1053 2224 his,
1082 2141 1142 2236 qui
1164 2141 1197 2208 in
1213 2135 1260 2205 Clu

259 2231 363 2308 Jesu,
394 2242 451 2294 etc.
492 2229 579 2294 Haec
598 2226 678 2294 fides
707 2225 814 2313 reddit
834 2230 906 2294 Deo
937 2224 1111 2309 h'onorem,
1142 2222 1237 2294 reddit
1250 2222 1268 2308 ll¹

260 2310 461 2406 quodsuum
477 2327 544 2392 est,
573 2335 633 2404 per
647 2309 725 2393 hoc,
758 2309 847 2404 quod
861 2309 972 2379 obedit
983 2309 1144 2406 acq'piens
1160 2303 1265 2406 pronis

260 2419 328 2467 nes.
371 2396 462 2464 Sicut
483 2411 514 2464 et
531 2393 654 2464 Paulus
672 2393 707 2462 in
733 2396 781 2464 uit
809 2399 947 2462 Roman.
963 2398 1019 2463 IV.
1063 2401 1115 2463 De
1138 2389 1260 2490 promissi

260 2478 328 2550 Dei
348 2503 414 2548 non
436 2477 595 2548 dubitavit
624 2505 684 2572 per
701 2421 940 2562 diffidentiam,
976 2480 1033 2550 sed
1055 2480 1176 2547 lirmus
1199 2469 1268 2546 luitfi

261 2565 343 2636 dans
359 2563 500 2654 gloriam
512 2567 594 2632 Deo.
623 2569 684 2632 lta
701 2563 806 2634 cultus
822 2581 853 2632 et
872 2567 1003 2666 tarpeio
1023 2562 1196 2656 Evangelii
1220 2575 1273 2628 ests

170 2668 174 2674 “
210 2687 230 2710 ,-
262 2647 368 2800 cipere
383 2649 470 2720 tona
485 2672 504 2716 a
519 2653 603 2746 Deo,
626 2666 754 2717 econtra
769 2649 872 2728 cultus
886 2649 966 2740 legis
981 2665 1028 2718 est
1047 2644 1136 2718 bona
1152 2643 1268 2716 nostral

260 2757 282 2802 ο
312 2759 383 2802 erre
408 2745 447 2802 εἰ,
464 2729 622 2802 erhrbere.
664 2733 757 2802 Nihil
778 2749 887 2804 autem
942 2741 1092 2802 ossuro'us
1114 2739 1187 2803 Deo
1214 2727 1258 2799 olle

238 2816 437 2887 'nisi-antea
453 2816 669 2900 reconciliati,
698 2836 729 2887 et
741 2818 854 2886 renati.
894 2759 1080 2886 Plurimum
1101 2835 1207 2888 autern
1227 2831 1270 2880 cort

264 2899 397 2972 lationis
412 2900 511 2970 alfort
525 2900 579 2970 hic
592 2901 698 2984 locus,
731 2904 818 2998 qdod
843 2903 949 2972 cultus
972 2903 1007 2971 in
1022 2903 1204 2994 Evangelio
1220 2919 1257 2991 pst

263 3002 435 3085 puusqest,
468 2987 581 3054 alteo
604 2986 688 3058 velle
721 2987 865 3081 accipere
889 2987 1114 3057 remissionem
1135 3001 1265 3074 peccatorl

159 3145 160 3152 ,
261 3088 421 3220 pateam,
450 3085 486 3148 et,
496 3071 668 3162 justitiam.
710 3078 762 3140 De
775 3073 838 3141 hoc
853 3073 946 3140 cultu
966 3071 1013 3140 ait
1028 3071 1198 3153 Christus,
1223 3061 1271 3134 Jolt

264 3177 266 3184 ·
297 3161 320 3222 l.
354 3157 442 3254 llaec
454 3172 502 3224 est
516 3153 668 3226 voluntas
684 3155 790 3225 Patris
804 3157 886 3240 mei,
918 3156 976 3252 qui
991 3155 1080 3226 misit
1094 3181 1159 3239 me,
1180 3171 1214 3222 ut
1226 3167 1270 3218 out

153 3285 154 3290 κ
262 3243 320 3334 qui
336 3237 424 3307 ridet
445 3239 587 3323 Filium,
617 3259 649 3310 et
674 3241 774 3310 credit
794 3239 829 3308 in
854 3267 946 3323 eum,
982 3241 1099 3310 babeat
1118 3241 1213 3309 vitam
1234 3260 1245 3300 a
1269 3305 1272 3320 ,

261 3349 349 3414 nam.
392 3329 438 3392 Et
460 3327 556 3396 Pater
576 3325 696 3427 inquit:
722 3331 793 3394 'Hic
818 3342 865 3394 εει
886 3325 989 3395 Filius
1015 3351 1107 3395 meus
1128 3324 1258 3412 dilectus,

262 3408 433 3502 quomihi
466 3409 694 3505 complacitum
718 3421 786 3492 εει,
825 3409 913 3480 hune
932 3409 1057 3480 audite.
1098 3413 1259 3480 Adversaru

261 3491 448 3566 obedientia
467 3519 557 3586 *erga
586 3495 689 3588 legem
713 3495 849 3577 dicunt,
876 3521 942 3564 non
965 3495 1075 3564 dicunt
1099 3495 1138 3566 de
1164 3489 1265 3576 obediet

177 3631 181 3642 .
225 3627 229 3632 -
261 3599 339 3675 erga
352 3578 589 3680 Evangelium,
611 3601 697 3648 cum
709 3595 816 3648 tamen
835 3580 900 3672 legi
923 3605 990 3652 non
1010 3578 1175 3674 possimus
1198 3569 1264 3666 obed

259 3685 326 3730 msr
349 3681 456 3733 renate
482 3691 542 3758 per
562 3662 797 3754 Evangelium;
834 3690 907 3734 cnm
930 3691 997 3736 non
1025 3665 1187 3760 possimus
1210 3657 1269 3741 dih,¹

260 3749 386 3846 Deum,
415 3748 478 3818 nisi
505 3764 636 3848 accepta
654 3747 844 3821 remissione
867 3768 1082 3844 peccatorum.
1124 3753 1230 3818 Donec
1244 3759 1265 3832 ιι

260 3847 413 3929 sentimus
429 3859 504 3904 eum
517 3834 613 3902 nubrs
628 3833 739 3916 irasci,
762 3851 879 3904 natura
893 3834 1037 3903 humana
1049 3834 1134 3924 fugit
1146 3834 1221 3902 iram
1234 3839 1272 3906 etl

145 4005 146 4015 ἵ
259 3915 380 3985 drotum
403 3919 483 4007 eius.
527 3916 660 4010 Siquis
685 3917 747 3986 hoc
776 3919 875 3988 etiam
899 3919 1082 3988 cavilletur:
1125 3918 1162 3987 si
1181 3914 1273 3983 filesa

260 4025 341 4092 quae
357 4001 434 4069 vult·
449 4000 527 4082 illa,
557 4027 640 4093 quae
663 4001 697 4070 iu
719 3999 934 4096 promissione
956 4005 1158 4085 offeruntur,
1188 3997 1273 4066 'vident

177 4105 181 4114 ·
256 4085 411 4153 confundi
427 4083 580 4170 habitus,
604 4087 704 4173 fides,
734 4105 765 4156 ει
777 4113 868 4182 spos,
894 4088 972 4182 quia
994 4113 1067 4182 apes
1088 4097 1152 4170 est,
1179 4089 1273 4179 quaetl

206 4207 210 4218 ·
254 4185 379 4263 spectat
393 4195 442 4240 res
457 4171 644 4265 promissas.
693 4172 826 4240 Adhuc
848 4175 1097 4266 respondemus,
1127 4173 1184 4240 hos
1202 4161 1273 4254 alleri

147 4281 150 4294 ·
253 4276 319 4325 nou
334 4252 378 4328 ita
398 4253 509 4328 divelli
521 4281 617 4352 posse
631 4257 758 4358 reipsa,
782 4274 817 4330 ut
833 4257 866 4328 in
882 4256 1011 4332 scholis«
1027 4246 1273 4346 asumuntur

1249 1882 1270 1999 γ’σ-
