2618 4902
96 377 129 430 ,·
222 284 272 444 od
465 289 521 372 Ἰ
683 325 876 469 Apologio¹

211 529 385 608 donatus,
414 537 452 592 ut
493 535 602 617 repter
620 527 695 598 cum
711 521 796 615 justi*
810 537 1009 616 reputemur.
1053 521 1131 613 Legi
1157 543 1295 610 nunquan

145 619 153 632 '
211 669 215 682 .
229 610 266 680 in
281 636 374 680 carne
388 549 631 678 satisllcimnsu
657 613 704 678 lta
721 608 822 700 igitur
836 606 914 700 justi
927 623 1134 706 reputamur,
1162 631 1230 674 non
1246 631 1295 698 pro

253 713 299 765 ter
315 695 437 783 legem,
467 695 523 764 sed
537 709 672 798 propter
690 691 879 775 Christum,
912 717 990 796 qma
1007 692 1107 784 hujus
1124 691 1243 759 merita
1261 715 1295 758 ne

226 723 280 852 lis
296 780 476 862 donantur,
499 777 573 846 sim
590 777 850 850 eumoredimus.
894 781 931 845 St
947 776 1019 871 quis
1035 775 1136 866 igitur
1151 773 1233 844 haec
1244 774 1295 841 sm

229 867 382 936 damenta
416 861 682 946 consideraverit,
720 861 811 956 quod
839 886 904 930 non
932 860 1147 954 justificemur
1175 859 1295 948 exlege

159 995 167 1016 .
191 977 195 1000 ·
230 947 311 1046 quia
326 945 431 1038 legem
442 948 506 1015 Ilei
519 948 663 1016 humana
677 963 794 1016 natura
809 968 874 1016 non
916 963 997 1017 otest
1013 947 1139 1028 facere,
1167 969 1235 1012 non
1248 961 1295 1037 pot

230 1050 280 1106 cst
293 1037 402 1110 Deum
424 1032 576 1123 diligere,
598 1032 663 1101 ¹sed
689 1031 778 1129 quod
791 1030 876 1130 jus'
902 1057 1012 1112 remur
1032 1057 1070 1100 ex
1093 1029 1295 1123 promissione

148 1141 151 1158 ·
229 1119 266 1188 in
282 1141 345 1219 qua
361 1134 495 1212 propter
509 1114 679 1216 Christum
692 1139 854 1210 promissa
867 1131 915 1185 est
927 1113 1161 1214 reconciliatio,
1181 1113 1295 1204 justitie

229 1219 341 1272 ctvrta
359 1218 506 1283 aeterna,
536 1225 564 1270 rs
586 1198 679 1269 facile
703 1199 811 1270 intell'
836 1216 886 1282 et,
915 1201 1093 1272 n‘ecessorro
1115 1199 1295 1268 tribuendae

229 1311 300 1357 esse
318 1284 576 1354 'notificationem
594 1283 688 1368 fidei,
715 1281 741 1352 si
756 1309 810 1353 rno
835 1283 1039 1375 rogitabit,
1056 1281 1249 1364 ‚Christum
1261 1307 1295 1350 no

229 1311 434 1440 esselrustra
455 1368 671 1464 promissum,
701 1367 901 1458 exhibitum,
929 1387 1059 1447 natum,
1087 1392 1245 1462 passum,
1270 1393 1295 1434 re

229 1455 439 1540 suscitatum,
470 1455 501 1524 si
524 1453 682 1544 cogitabit
726 1451 953 1526 remissionem
977 1452 1103 1544 gratiae
1132 1452 1167 1520 in
1188 1453 1295 1521 Christ

228 1565 296 1610 non
310 1564 379 1608 esse
395 1539 537 1621 frustra,
558 1553 687 1632 praeter
699 1479 823 1637 ligem,
846 1554 877 1606 et
891 1555 979 1608 extra
996 1537 1103 1628 legem
1119 1537 1246 1606 laetam
1259 1561 1295 1604 css

228 1625 337 1694 statim
351 1650 369 1691 a
385 1622 548 1717 principio
558 1619 688 1703 mundi,
716 1646 746 1692 ar
760 1621 913 1712 cogitabit
926 1621 1172 1716 promissionem
1193 1623 1258 1692 fide
1268 1647 1295 1688 ae·

227 1709 411 1803 cipiendam
443 1729 531 1790 csso,
568 1705 652 1792 sieut
672 1705 839 1775 Johanncs
863 1706 989 1802 inquit:
1035 1706 1107 1794 Qui
1130 1731 1204 1778 non
1228 1707 1295 1776 cred

226 1799 310 1875 Deo,
333 1789 716 1874 mendaccmsacit-eum,
740 1790 818 1886 quia
835 1817 901 1860 non
915 1791 1016 1862 credit
1033 1791 1068 1862 in
1082 1789 1295 1872 testimonium

226 1875 319 1977 quod
333 1874 519 1946 testificatus
535 1891 583 1944 cst
598 1879 687 1944 Deus
713 1876 752 1944 dc
769 1875 855 1947 Filio
870 1901 949 1959 sun,
963 1925 966 1930 -
980 1893 1011 1947 et
1023 1873 1085 1946 hoc
1102 1891 1152 1944 est
1168 1877 1295 1956 testimo

225 1963 338 2041 nium„
366 1959 454 2054 quod
469 1957 569 2028 vitam
583 1975 748 2028 aeternam
766 1959 963 2030 deditnobis
979 1966 1086 2042 Deus,
1109 1976 1142 2030 et
1159 1959 1244 2030 haec
1257 1959 1280 2025 n'

163 2065 166 2074 ’
227 2039 531 2143 inFilinejusest3
575 2042 905 2142 Quibahetlllium,
928 2043 1158 2143 habetvitam,
1180 2046 1274 2142 quin

225 2127 452 2199 hahetFrlmm
465 2132 545 2210 Der,
555 2145 656 2198 vitam
672 2152 737 2198 non
752 2125 860 2200 hahet.
900 2135 946 2200 Et
961 2129 1111 2200 Christus
1124 2147 1188 2198 art:
1214 2135 1250 2198 Se
1264 2156 1277 2192 r

116 2273 122 2286 ,
225 2207 872 2294 Filiusliberaverit,rereliberieritis.
915 2218 962 2285 Et
977 2214 1115 2287 Paulus:
1152 2213 1258 2284 Pcrh

223 2295 381 2368 habemus
397 2321 559 2369 aceessum
573 2299 615 2366 ad
631 2303 757 2380 Deum,
781 2315 813 2366 et
825 2297 935 2390 addit,
955 2323 1013 2393 per
1025 2299 1139 2378 fidem;
1171 2299 1240 2368 fide
1256 2296 1284 2385 l

224 2399 280 2454 tur
304 2382 339 2452 in
363 2381 534 2480 Christum
564 2381 722 2478 accipitur
742 2387 920 2536 Eromissio
944 2375 1153 2464 remissionis
1167 2408 1264 2478 pecca

223 2494 316 2550 rum,
345 2484 377 2537 et
389 2467 550 2560 justitiae,
581 2493 639 2538 nec
662 2465 741 2559 justi
765 2493 877 2538 camur
901 2494 1010 2538 eoram
1033 2473 1107 2538 Deo
1133 2493 1172 2538 ex
1194 2469 1282 2560 ratio¹

222 2569 283 2621 aut
299 2551 378 2642 lege.
423 2557 509 2620 Haec
525 2568 589 2620 tam
605 2551 793 2646 perspicua,
816 2570 881 2622 tam
903 2553 1074 2624 manifesta
1090 2570 1177 2638 sunt,
1204 2570 1242 2622 ut

221 2661 332 2706 remur
349 2652 474 2721 tantum
491 2660 559 2704 esse
576 2635 721 2707 furorem
738 2635 1019 2723 adversariorum,
1052 2651 1090 2708 ut
1103 2637 1185 2708 haec
1207 2663 1262 2706 voc

219 2721 256 2789 in
275 2719 420 2790 dubium.
462 2717 633 2796 Manifesta
654 2718 815 2804 ἀπόδειξις
836 2741 901 2805 est,
932 2749 1083 2794 cumoon
1099 2723 1283 2814 justificor¹

220 2821 329 2874 coram
347 2807 418 2874 Deo
436 2802 574 2892 exlege,
608 2804 716 2874 sodex
740 2806 978 2900 promissione,
1008 2808 1097 2901 quod
1120 2831 1252 2876 neeesse
1270 2831 1283 2870 e

151 2941 154 2946 -
219 2889 448 2960 fidcitribuere
460 2889 734 2986 justificationem.
779 2892 870 2978 Quid
909 2908 992 2975 otest
1004 2908 1116 2962 contra
1132 2889 1222 2962 hanc
1236 2887 1279 2960 ds

218 2963 316 3058 δᾳξιν
338 2997 487 3068 oppom,
511 2971 583 3040 nisi·
605 2991 706 3042 tntum
739 2920 976 3066 Evangelium,
1008 2993 1114 3047 totum
1141 2977 1257 3046 Christ

217 3060 346 3128 abolere
364 3057 437 3152 quis
453 3055 561 3126 volet?
606 3058 723 3128 Gloria
736 3060 859 3132 Christi
873 3064 909 3131 let
924 3059 1103 3142 illustrior,
1124 3087 1203 3130 cum
1220 3064 1258 3131 do

216 3153 289 3212 mos
308 3168 345 3214 eo
366 3143 416 3210 uti
440 3141 637 3224 mediatore,
665 3167 702 3213 ae
724 3145 947 3238 propitiatore.
992 3146 1071 3217 Piae
1097 3147 1269 3216 conscienti

211 3228 324 3298 rident
343 3225 378 3296 in
399 3227 459 3296 hac
485 3228 628 3298 doctrina
650 3229 849 3300 uberrimam
873 3229 1129 3302 consolationem
1149 3229 1220 3302 sibi
1236 3257 1268 3324 pr

164 3357 169 3370 ›
214 3311 311 3405 poni,
341 3313 429 3404 quod
443 3309 591 3381 videlicet
605 3311 733 3382 credere
747 3337 783 3406 ac
799 3332 885 3384 certo
902 3331 1042 3396 statuere.
1058 3315 1197 3398 dehent,

205 3393 695 3493 ,proptersChristum-habeant
745 3417 884 3472 locatum
908 3405 1055 3481 Patrem,
1088 3425 1157 3470 non
1178 3417 1270 3494 propt

117 3557 120 3562 ,
213 3498 339 3579 nostras
350 3481 566 3578 justitias,‘·ot
582 3483 671 3575 qood
687 3424 836 3552 Cllristus
851 3485 985 3574 adjuvet
1001 3501 1125 3568 tamen,
1150 3502 1190 3554 ut
1207 3485 1275 3553 lace,

210 3582 307 3634 otram
328 3565 432 3664 legem
448 3587 619 3663 possemus.
663 3570 750 3640 Haec
766 3584 856 3638 tenta
873 3567 1128 3664 bona-eripiunt
1140 3568 1287 3640 Ecclesia

209 3649 386 3718 adversarer
403 3665 523 3732 nosen,
550 3675 623 3720 cunr
640 3649 814 3736 damnant,
846 3654 1046 3724 cumdolore
1064 3669 1234 3724 conantur

205 3734 344 3804 ctrinam
361 3736 400 3812 de
412 3731 548 3802 Justitia
564 3733 651 3818 fidei,
682 3735 833 3808 Viderint
846 3737 948 3831 igitur
961 3765 1074 3813 omnes
1089 3739 1200 3810 honae
1215 3765 1265 3808 me

205 3831 265 3900 tes,
289 3845 354 3888 non
369 3818 573 3888 consentiant
589 3819 699 3914 impiis
715 3821 863 3906 consiliis,
875 3825 1149 3897 adversariorum.
1186 3829 1230 3892 ln
1246 3823 1287 3890 do

135 3974 138 3983 ,
202 3903 305 3974 ctrina
319 3903 576 3980 adversariorum
597 3905 635 3974 ele
649 3905 879 3997 justificatione
891 3911 1007 3980 nonsit
1025 3909 1147 3980 mentio
1167 3903 1283 3984 Chris·

200 3989 368 4087 quomodo
380 3987 488 4088 ipsum
512 3989 685 4062 debeamus
711 4019 876 4086 opponere
896 3995 965 4066 irae
988 3994 1070 4074 Dei,
1103 3994 1206 4085 quasi
1231 4020 1264 4058 re

196 4093 256 4167 nos
267 4097 428 4166 possemus
444 4087 526 4152 eram
541 4074 603 4144 Dei
619 4076 790 4150 dilectione
807 4079 944 4162 vincere,
966 4096 1025 4151 aut
1039 4078 1175 4172 diligere
1193 4083 1246 4146 De

68 4243 74 4252 .
190 4169 313 4226 tratum
322 4156 500 4258 possimos.
534 4159 584 4228 Ad
604 4157 683 4230 haec
701 4161 915 4234 conscientiae
933 4163 1171 4260 relinquuntur
1190 4161 1276 4232 incer

191 4252 252 4308 tae.
294 4249 331 4312 Sr
347 4267 433 4330 emm
446 4241 520 4314 idco
533 4243 652 4318 sentire
666 4246 785 4321 debent
798 4274 833 4325 se
848 4245 968 4327 hahere
977 4253 1097 4333 ,Deum
1108 4247 1208 4341 placa
