2618 4902
316 361 319 370 ⁴
439 320 699 400 Cdnsessionis.
787 390 789 394 .
857 311 982 422 'J‘
1052 303 1123 426 lr7

16 509 180 594 aedificant
192 504 333 600 stipulas
347 504 521 600 perituras,
536 506 606 596 boc
622 523 696 592 este
712 507 873 602 quasdam
892 503 1026 580 inutiles
1046 484 1122 604 opi·
1194 557 1195 564 κ

16 593 140 678 aiones,
169 613 253 687 quae
272 605 394 674 tamen,
419 591 496 688 quia
512 617 580 662 non
597 607 745 672 evertunt
758 591 1024 676 fundamentum,
1048 609 1119 666 tum
1143 621 1146 639 ,

15 680 234 749 ¹:ondonantur
247 671 330 758 illis,
361 691 432 744 tum
457 675 556 748 etiam
581 677 807 746 emendanturi
851 683 901 746 Ac
929 685 1148 768 sanctorum,
1204 701 1206 710 ·

15 768 146 832 latrum
172 762 294 857 scripta
318 775 495 844 testantur,
534 762 624 856 quod
653 759 821 830 interdum
849 760 990 857 stipulas
1016 761 1117 834 etiam

15 845 247 919 aedificaverint
261 869 303 916 su
326 869 365 912 ra
380 843 647 930 fundamentum,
668 849 725 915 sed
741 867 824 941 quae
842 873 910 917 non
927 861 1116 918 everterunt

14 935 102 1004 tidem
126 954 250 1001 eorum.
293 871 422 997 ilerum
444 929 601 1026 pleraque
626 931 784 1024 istorum,
817 937 911 1026 'quac
937 931 1115 1004 adversarii

14 1018 110 1088 nostri
124 1016 316 1097 defendunt,
344 1015 444 1084 fidem
458 1033 621 1100 evertunt,
653 1034 689 1086 ut
704 1017 795 1112 quod
814 1018 972 1088 damnant
988 1017 1115 1096 articu-

13 1104 75 1174 lum
93 1102 132 1171 de
146 1099 336 1190 remissione
350 1117 575 1194 peccatorum,
605 1102 639 1168 in
664 1127 730 1195 quo
753 1101 893 1172 dicimus
918 1103 982 1170 fide
1009 1096 1113 1196 accipi
1136 1168 1141 1180 ,

13 1185 233 1257 remissionem
259 1201 480 1280 peccatorum
505 1179 716 1266 ‚Manifestus
737 1186 816 1256 item
843 1201 876 1256 et
897 1185 1111 1287 perniciosus
1202 1195 1212 1208 '

13 1287 176 1356 errorest,
199 1269 286 1366 quod
305 1269 421 1338 docent
446 1269 645 1356 adversarii,
675 1271 796 1348 mereri
816 1271 966 1341 hommes
989 1269 1134 1358 remis-.
1157 1307 1163 1335 t

12 1359 129 1426 tionem
149 1371 374 1452 peccatorum,
404 1351 577 1424 dilectione
602 1363 680 1445 erga
704 1361 832 1440 Deum,
861 1374 946 1446 ante,
957 1357 1109 1448 gratiam.
1233 1373 1237 1400 ¹
1277 1383 1280 1390 ’

12 1449 88 1512 llam
101 1443 165 1512 hoc
180 1466 314 1534 quoque
334 1454 381 1509 est
396 1439 512 1510 tollere
531 1436 804 1528 fundamentum,
823 1440 895 1510 ‘hoc
917 1457 983 1525 est,
1005 1433 1108 1511 Chri-
1131 1469 1143 1508 ‚¹

11 1544 97 1597 itum.
141 1527 224 1596 lteni
269 1523 324 1592 uid
347 1549 430 1622 opus
456 1524 520 1593 erit
542 1526 624 1608 fide,
656 1525 684 1594 si
713 1531 925 1596 Sacramenta
947 1553 986 1595 ex
1008 1523 1112 1620 opere'

11 1629 139 1707 operato
163 1609 234 1680 sine
283 1635 346 1678 ono
377 1627 469 1678 motu
494 1610 616 1678 u'tentis
641 1611 837 1682 'ustificantt
882 1609 975 1680 Sicut
998 1611 1112 1680 autem'
1144 1657 1147 1674 t

10 1699 99 1766 tabet
109 1693 533 1788 Ecclesiapromissionem,
559 1639 649 1789 quod
664 1721 793 1790 semper
807 1695 849 1765 sit
866 1695 1016 1766 habitura
1025 1695 1110 1788 ‘spi-¹

10 1782 102 1850 ritum
115 1797 279 1860 sanctum,
308 1777 353 1846 ita
374 1777 476 1858 habet¹
490 1779 778 1864 comminationes,
807 1781 896 1876 quod
916 1779 983 1848 sint
1002 1778 1104 1848 futuri

10 1870 49 1933 ,in
75 1864 97 1934 ii
112 1865 270 1947 doctores,
292 1879 324 1932 et
337 1862 417 1958 lupi.
461 1864 522 1933 Illa
538 1887 616 1933 vero
630 1865 679 1934 est
718 1867 828 1960 roprie
842 1864 997 1948 Ecclesia,
1011 1859 1112 1959 quae‘

9 1892 99 2020 callet
117 1948 278 2046 Spiritum
292 1963 449 2018 sanctum.
492 1948 578 2044 Lupi
599 1966 630 2020 et
643 1891 722 2021 mali
736 1951 904 2034 doctores,
927 1949 988 2019 etsi
1008 1973 1108 2042 gras-¹

9 2035 160 2106 ¹anturin
174 2032 352 2115 Ecclesia,
369 2050 475 2104 tamen
493 2059 560 2103 non
577 2052 654 2103 sunt
689 2035 952 2128 roprieregnum
968 2033 1102 2104 Christi.
1185 2102 1187 2108 ,

9 2121 91 2204 licut
104 2135 134 2188 et
147 2124 234 2210 hyra
257 2131 413 2206 testatur,
444 2145 518 2188 cum
541 2120 605 2189 ait:
647 2062 795 2189 Ellclesia
813 2137 879 2192 nou
901 2118 1049 2204 consistit
1065 2119 1108 2208 in¹

8 2204 185 2278 luminibus
201 2203 344 2274 ratione
367 2204 511 2274 otestatis
527 2205 579 2274 v'el
596 2203 762 2298 dignitatis
779 2203 1109 2287 ‚Ecclesiasticaeiel'

8 2289 172 2373 ocularis,
202 2287 281 2381 quia
298 2229 395 2356 mellti
414 2289 578 2384 principes
600 2307 632 2368 et
650 2292 772 2358 sumnti
793 2290 966 2375 Pontifices
988 2287 1099 2358 etalii

7 2374 169 2458 nferiores
184 2371 309 2441 inventi
324 2390 399 2441 sunt
416 2391 649 2468 apostatasse-a
666 2375 745 2447 fide:
774 2391 910 2472 propter
926 2374 1015 2468 quod
1029 2377 1098 2442 Ec*
1169 2459 1170 2462 Ἴ

8 2459 94 2529 lesia
110 2456 255 2556 consistit
269 2455 303 2556 in
321 2455 387 2526 illis
407 2459 576 2554 personis,
611 2457 645 2526 in
671 2460 790 2552 quibus
815 2477 863 2528 est
886 2457 1003 2528 notitia
1024 2483 1100 2526 vera

10 2543 204 2616 tconsessro
228 2543 304 2612 fider
329 2559 365 2614 et
384 2543 537 2631 veritatis.
582 2544 675 2698 (prid
699 2544 791 2625 aliud
815 2545 957 2614 diximus
979 2569 1041 2612 nos
1062 2542 1098 2610 in

7 2627 345 2711 oufessionenostra,
378 2653 479 2726 quam
500 2629 590 2724 quod
632 2629 660 2700 ic
678 2629 756 2700 dicit
770 2635 879 2724 Lyra?¹
916 2625 921 2646 '
1046 2623 1069 2652 '⁵
1106 2629 1109 2636 ’

73 2793 145 2867 'sed
160 2796 306 2882 fortassis
318 2791 496 2867 atliersarii
510 2798 556 2867 sic
569 2797 738 2892 postulant
757 2799 884 2868 definiri
902 2793 1095 2881 Ecclesiam,
1160 2865 1163 2874 .

7 2885 85 2980 puod
98 2883 141 2950 sil
157 2881 349 2970 Monarchia
363 2899 492 2952 externa
509 2907 548 2951 su
574 2909 664 2952 rema
687 2885 786 2953 totius
808 2886 897 2954 orbis
923 2901 1098 2969 terrarum,
1160 2897 1172 2904 “

7 2997 25 3036 n
54 2971 290 3060 qua‘oporteat
318 2969 509 3037 Romanum
531 2909 733 3038 llbntilicem'
756 2969 876 3038 habere
898 2975 1108 3063 potestatem*

7 3053 248 3132 ivoneidvmo,
274 3052 319 3118 'de
358 3075 399 3120 ua
414 3052 539 3122 nemini
557 3051 652 3122 liceat
673 3055 852 3148 disputare·
864 3072 919 3123 aut
937 3054 1092 3148 judicare,

7 3135 157 3208 ondeu‘di
171 3077 430 3218 articulos'hdei,
446 3129 605 3206 ‘abolendi
622 3137 807 3234 scripturas,
833 3164 915 3242 quas
931 3139 1017 3222 velit,
1040 3137 1104 3205 iu·-

7 3220 150 3296 titueudi
177 3218 280 3288 cultus
319 3237 350 3286 et
370 3216 527 3291 sacrificia
585 3223 662 3292 itero
690 3226 850 3292 condendi
876 3225 906 3293 le
931 3251 983 3306 es,
1013 3247 1094 3318 quas
1180 3249 1183 3262 ·

7 3309 86 3390 elit,
118 3304 334 3402 dispensandi
354 3321 385 3372 et
408 3275 563 3376 solvendi
582 3309 830 3406 quibuscunque
856 3249 982 3402 legibus
1006 3305 1095 3390 velit,

9 3391 133 3477 ivinis,
165 3413 345 3472 canonicis,
375 3407 407 3458 et
426 3389 589 3476 civilibus,
620 3418 721 3487 aquo
744 3403 927 3488 Imperator
948 3411 979 3462 et
999 3417 1092 3484 reges

7 3475 281 3569 mncs'aecipiant
320 3491 488 3543 otestatem
515 3493 544 3544 et
566 3482 619 3570 jus
634 3481 765 3547 tenendi
781 3502 903 3572 regna,
932 3479 971 3548 de
997 3494 1102 3566 man-¹

7 3581 68 3634 ato
93 3559 232 3630 Christi.
277 3499 342 3631 (lui
369 3587 444 3628 cum
467 3565 565 3630 Pater
590 3564 702 3632 omnia
726 3563 918 3656 subjecerit,
948 3561 1092 3649 intelligi

7 3663 143 3748 porteat
155 3645 217 3714 boc
230 3647 281 3712 ‘us
297 3643 332 3712 iu
347 3649 471 3738 Papam
490 3646 684 3716 translatum
703 3675 802 3718 esse·
828 3655 940 3738 Quare
963 3673 1091 3719 neccsse
1186 3701 1187 3704 ,

7 3751 29 3801 rt
47 3737 194 3825 Papam,
224 3671 396 3798 dominum
411 3729 512 3801 totius
528 3732 618 3800 orbis
632 3749 812 3819 terrarum,
844 3737 992 3804 omnium
1015 3757 1092 3824 reg-

10 3827 112 3886 orum
127 3815 262 3895 mundi,
295 3813 443 3883 omnium
467 3841 577 3885 rerum
596 3819 799 3915 privatarum
823 3837 854 3890 et
873 3818 1092 3915 publicarum,

8 3902 118 3969 abere·
128 3898 364 4050 plenitudinem
384 3900 551 3987 potcstatis
573 3903 608 3969 in
626 3904 865 4010 temporalibus
892 3922 923 3974 et
938 3899 1093 3998 spiritua·
1155 3959 1157 3975 .

7 3989 100 4066 bus,
154 3982 249 4052 abere
266 4002 441 4077 utrumque
457 3983 624 4074 gladium,
653 3989 856 4082 spuitualem
875 4007 907 4059 et
927 4007 1094 4078 tempora-

7 4098 89 4167 ηῃ,ο
110 4072 219 4166 Atque
234 4067 313 4138 haec
330 4067 476 4138 definitio
494 4097 560 4138 non
576 4070 742 4143 Ecclesiae
760 4075 903 4160 Christi,
926 4074 982 4143 sed
1000 4067 1095 4160 regni

12 4154 178 4307 ⁰¹¹l¹l¹l⁰¹¹’
209 4150 305 4306 haXhlet
320 4170 471 4224 auctores
483 4181 551 4225 non
564 4155 670 4226 solum
686 4159 888 4244 canonistas,
918 4159 976 4228 sed
999 4157 1097 4226 etiam
1119 4245 1123 4250 .
1147 4163 1149 4168 “

7 4261 99 4312 >anre
116 4263 170 4308 em
193 4263 220 4306 c.
285 4291 293 4307 .
927 4287 930 4295 ι
1114 4279 1121 4287 ’
