2618 4902
160 413 163 420 .
235 361 307 450 aad
400 355 403 364 ’
588 333 591 340 ¹
634 437 636 448 Α
683 291 879 458 ΙΑροὶιιςῐιι

237 555 275 610 ut
296 537 495 620 calumniam
518 536 641 607 evitare
668 555 782 634 queat«
817 541 887 608 Nos
909 537 953 608 ob
974 533 1058 605 hane
1078 533 1180 628 ipsam
1200 555 1272 602 caua

154 649 157 658 ¹
236 625 414 717 adjecimus
431 640 581 694 octavum
601 621 799 704 articulum,
832 621 963 716 nequis
988 619 1183 690 existimaret
1203 641 1272 685 nosse

237 735 372 806 gregare
386 707 492 778 malos
508 723 541 777 ct
556 705 743 802 hypocritas
767 711 809 780 ab
834 725 964 777 externe
990 705 1144 775 societate
1162 700 1272 772 Ecclesia

238 812 295 864 aut
319 794 704 864 adimere-sacramentis
727 793 922 874 ellicau'am,
953 815 1037 886 quae
1060 816 1120 886 per
1142 785 1272 880 hypocrita

238 896 296 952 eut
315 878 422 948 malos
444 877 723 948 administrantur.
767 884 882 971 Itaque
906 876 959 946 hic
980 901 1049 945 non
1068 890 1117 944 εει
1138 897 1212 967 opus
1229 871 1272 958 long

239 963 427 1034 defensione
443 964 599 1040 adversus
614 961 698 1033 hanc
712 961 921 1037 calumniam.
963 958 1052 1030 Satis
1070 975 1130 1028 tros
1151 971 1272 1053 purgata

238 1048 358 1148 tie'ulus
389 1062 531 1146 octavps.
559 1047 801 1145 ,concedimus
831 1048 938 1129 enim,
979 1044 1070 1140 quod
1093 1043 1272 1138 hypocritae*

239 1131 318 1204 ‘malr
332 1130 443 1200 in²hac
459 1147 523 1200 vita
541 1149 607 1216 sunt
624 1132 761 1202 admixti
774 1133 957 1212 Ecclesiae,
988 1147 1021 1200 et
1034 1130 1098 1199 sint
1113 1128 1244 1198 membra
1252 1128 1272 1190 lt

186 1243 194 1269 s
240 1215 358 1288 clasiae
375 1219 561 1286 'secundum
584 1234 750 1288 externam
773 1217 960 1287 societatem
982 1214 1154 1308 signorum
1166 1208 1272 1281 Ecclesia

238 1301 303 1402 hoc'
316 1302 516 1401 estuverbi,
546 1302 760 1398 professionis
774 1319 808 1372 et
823 1307 1119 1380 sacramentorum,
1147 1291 1272 1393 praesciti

185 1429 190 1452 ι
240 1410 354 1458 s1n⁴un
374 1403 437 1455 sint
453 1387 730 1458 excummunicati.
772 1393 839 1457 Nec
854 1379 1064 1458 Sacramen'ta
1082 1384 1156 1454 ideo
1179 1406 1235 1450 non
1250 1401 1272 1444 st

241 1471 399 1555 efficacia,
425 1471 503 1566 quia
522 1499 580 1582 per
603 1471 708 1543 malos
732 1487 926 1556 tractantur,
949 1471 1018 1540 imo
1038 1470 1126 1540 r'ecte
1151 1467 1197 1536 uti
1215 1485 1272 1560 poss

239 1581 313 1627 mus
334 1559 567 1639 Sacramenta,
606 1582 690 1654 quae
719 1584 779 1654 per
803 1557 910 1627 malos
935 1553 1210 1624 administrantur.
1241 1555 1272 1615 lu

239 1659 272 1714 ct
285 1641 409 1712 Paulus
447 1645 581 1712 raedicit
595 1645 742 1713 futurum
785 1660 821 1712 ut
835 1641 1056 1712 Antichristus
1076 1639 1184 1708 sedeat
1203 1637 1231 1704 in
1242 1649 1272 1700 teu

239 1727 295 1824 plo
319 1727 401 1812 Dei,
423 1669 498 1831 hoc
522 1745 587 1813 est,
623 1727 659 1796 in
680 1695 828 1798 Ecclesia
852 1725 1040 1797 dominetur
1059 1739 1092 1794 ot
1114 1720 1200 1816 geret
1219 1719 1272 1788 ulid

241 1818 286 1883 At
308 1812 461 1882 Ecclcsra
482 1836 550 1884 nun
573 1831 621 1884 est
642 1830 770 1884 tantum
792 1813 929 1885 societas
953 1829 1158 1881 externarum
1179 1823 1272 1876 rerunt

239 1897 398 1996 rituum,-
413 1898 496 1969 sicut
513 1895 595 1970 aliae
608 1897 756 1994 politiae.
798 1899 865 1968 Sed
883 1889 1109 1994 principaliter
1135 1909 1183 1962 εει
1202 1887 1272 1960 societ

240 1982 363 2051 fider-et
377 1982 658 2076 Spiritussancti,
679 1984 714 2053 in
728 1983 899 2065 cordibus,
923 2007 1007 2077 quae
1033 1996 1145 2050 tamen
1168 1976 1272 2045 habete

240 2080 476 2167 tppnasnotas,
507 2083 545 2137 ut
579 2083 582 2092 ’
632 2072 700 2139 osci
720 2068 844 2164 possit,
875 2067 1028 2136 videlicet
1049 2065 1272 2160 puram'Erantt

213 2189 218 2198 ·
241 2150 280 2220 lu
295 2151 499 2232 doctrinam,
523 2169 555 2222 et
568 2093 887 2224 ihhrinisuationem
903 2153 1187 2222 sacramentorum
1204 2161 1272 2238 censs

239 2252 367 2308 taneam
387 2237 571 2335 Evangelio
597 2237 735 2310 Christi.
767 2243 824 2308 Et
846 2238 926 2307 haec
944 2236 1092 2308 Ecclesia
1125 2231 1196 2304 sola
1219 2229 1272 2318 (licit⁴

158 2357 169 2368 ·
241 2347 360 2418 corpus
384 2323 526 2409 Christi,
558 2326 649 2421 quod
665 2323 848 2396 Christuss
872 2322 952 2392 iritu
965 2346 1026 2390 suo
1041 2333 1192 2401 renovat,
1217 2323 1272 2404 saud

240 2408 316 2480 ficet
334 2416 370 2476 ct
392 2410 578 2499 gubernat,
609 2425 810 2478 attestatur
860 2407 956 2484 aulus
977 2405 1100 2502 Ephes.
1122 2409 1149 2473 1.
1189 2403 1272 2471 eund

239 2497 284 2562 Et
297 2493 407 2588 ipsum
421 2493 511 2562 dedit
526 2512 621 2590 caput
633 2521 732 2588 super
750 2498 860 2563 omnia
875 2491 1056 2574 Ecclesiae,
1089 2502 1183 2585 quae'
1195 2500 1235 2555 est
1248 2499 1271 2574 ct

242 2603 305 2674 pus
319 2581 407 2670 ejus,
426 2579 604 2664 'ridelieet,
627 2579 815 2669 integritas,
838 2577 951 2660 idest,
979 2591 1049 2645 tota
1063 2575 1271 2666 congregatos

242 2663 331 2762 sins,
346 2665 410 2757 -qui
424 2665 535 2734 omnia
549 2666 585 2734 in
602 2664 753 2735 omnibu's
766 2662 901 2758 perlicit.
945 2665 1059 2748 Quare
1073 2658 1145 2742 illi,
1174 2659 1206 2726 in
1219 2649 1271 2744 qul*

241 2747 325 2820 situl
341 2748 410 2838 agit
426 2742 601 2834 Christus,
632 2754 699 2818 non
722 2765 799 2818 sunt
819 2745 969 2821 membra
992 2744 1128 2816 Christi.
1170 2730 1271 2833 quuel

243 2847 352 2902 tantur
378 2834 574 2918 adversarii,
609 2834 714 2902 malos
736 2858 806 2902 esse
835 2844 974 2902 mortua‘
988 2831 1137 2900 membra
1159 2826 1271 2898 Ecclesia

246 2910 359 3005 Quare
373 2915 549 3012 miramirr,
570 2945 630 2988 cur
641 2917 1067 3012 reprehenderint'nustram
1079 2910 1271 3009 descriptione!

209 3023 325 3097 tquae
339 3003 378 3072 de
392 3003 478 3096 vivip
494 3005 651 3074 memhris
668 3002 827 3098 loquitur,
875 3080 878 3084 ,
1205 3081 1210 3087 Ι

252 3127 255 3134 ,
326 3092 441 3182 Neque
459 3089 536 3158 novi
550 3088 728 3190 quidquam
742 3088 891 3158 diximus.
933 3085 1058 3156 Paulus
1075 3073 1270 3156 omninouh

242 3172 342 3270 epodo
363 3173 509 3242 delinivit
530 3173 711 3272 Ecclesiam
729 3172 861 3268 ,Ephes.
877 3179 922 3244 V.
951 3173 1043 3268 quod
1069 3169 1270 3267 Ριιιιίὓεειιιῐι1

241 3274 286 3326 sit
305 3273 433 3340 sancta,
465 3273 498 3328 et
512 3259 605 3327 addit
620 3273 766 3328 externas
782 3276 893 3341 notas,
924 3259 1062 3326 verbum
1085 3255 1270 3324 etsacranetl

242 3341 299 3440 Sic
312 3341 400 3414 anim
415 3340 479 3410 ait:
525 3341 677 3417 Christus
695 3343 807 3414 dilexit
820 3342 1017 3426 Ecclesiam,
1039 3357 1117 3411 etse
1130 3334 1270 3418 tradidit

241 3450 291 3510 ea,
305 3443 342 3494 ut
355 3451 427 3496 eam
445 3427 632 3510 sanctificet,
648 3429 821 3522 purificans
836 3429 966 3497 lavacro
983 3449 1098 3521 aquae,
1138 3451 1175 3494 er
1187 3417 1270 3512 vprlut

194 3535 197 3542 ’
238 3527 275 3580 ιιι
289 3509 437 3582 exhibeat
450 3535 522 3580 eam
537 3512 600 3582 sihi
612 3511 790 3604 gloriosam
798 3512 977 3582 Ecclesiam
992 3537 1060 3582 non
1073 3447 1270 3580 balaneorum

130 3627 137 3642 .
239 3595 371 3679 culam,
387 3621 493 3688 neque
511 3597 645 3688 rugam,
667 3597 866 3691 autaliquid
882 3597 958 3682 tale,
988 3596 1047 3666 sed
1062 3611 1100 3662 ut
1124 3595 1166 3664 sit
1182 3597 1270 3660 sancitl

238 3679 416 3778 inculpata.
447 3686 540 3752 Hanc
555 3683 747 3759 sententiam
785 3709 843 3752 ene
856 3683 993 3754 totidem
1007 3679 1117 3752 verbis
1129 3704 1189 3749 nos
1204 3676 1269 3756 ind!

224 3763 380 3836 'fessrone
398 3763 580 3864 posuimus.
603 3767 692 3840 «Sic.
714 3710 827 3838 delinit
853 3767 1034 3850 Ecclesiam
1065 3781 1098 3834 et
1123 3757 1269 3833 articulet

223 3848 416 3948 -Eymholo,
431 3877 504 3950 ‘qur
518 3851 611 3951 jubet
635 3877 696 3920 nos
717 3855 869 3936 credero,
899 3853 988 3948 quod
1006 3851 1050 3922 sit
1072 3863 1183 3918 sancta
1205 3833 1269 3912 enti

236 3933 301 4004 lica
315 3934 471 4008 Ecclesia.
514 3939 701 4030 lmpirvero
715 3954 873 4010 nonsunt
893 3953 1002 4010 sancta
1022 3932 1178 4006 Ecclesia.
1215 3931 1269 3996 ΕΗ

235 4017 342 4088 detur
355 4020 520 4104 additum,
576 4022 643 4091 uod
662 4023 845 4122 sequitat,
865 4011 1269 4100 ειιιιειοειιιιι’εοιιιιιιιιιιὶοι,1

232 4121 465 4199 exponeretur,
493 4047 575 4200 qnid
594 4103 939 4205 significet‘Ecelesia,
968 4131 1085 4200 nempe
1098 4107 1269 4192 congregtll

152 4259 153 4265 ,
232 4213 309 4261 nem
323 4206 528 4289 sauctorum,
557 4215 616 4285 qut
630 4190 761 4262 hahent
785 4191 873 4262 inter
891 4218 926 4264 sc
947 4191 1152 4269 societatem,
1182 4176 1269 4275 ejusde

229 4273 420 4367 Evangelia
450 4301 510 4348 seu
530 4274 716 4362 doctrinae,
737 4277 935 4370 atejusdem
951 4277 1096 4371 Spiritus
1110 4267 1230 4350 sancti,
1251 4281 1268 4349 p

900 4637 903 4646 .
998 4643 1000 4648 .
1080 4615 1084 4624 '
1101 4613 1114 4648 Ι
