2610 4900
176 345 266 432 ato,
285 355 295 440 '¹
520 309 772 415 Catechismus
786 309 917 437 major.
981 327 988 344 ⁸

133 539 136 548 ⁴
175 525 313 609 sectam,
359 521 630 605 erserrenolunt,
652 523 707 605 sit,
737 537 773 589 ut
791 520 856 590 Dei
869 517 1039 590 iracundia
1059 519 1093 588 in
1111 543 1207 589 omne
1220 519 1265 588 la-

97 657 102 664 -
176 613 266 682 cinus
282 550 447 706 prolapsi,
479 608 631 702 deinceps
654 606 828 701 propa-lam
847 603 1064 700 excarnificati
1082 604 1267 703 parentibus

176 713 208 768 et
224 693 333 763 dolori
348 697 415 766 sint
429 710 460 761 et
475 691 635 760 dedecori.
679 693 817 759 Perraro
836 691 923 760 enirn
947 692 1129 779 contingit,
1152 705 1191 757 ut
1207 706 1266 758 tarn

177 781 298 876 perditi
323 798 355 852 et
377 774 542 872 deplorati
564 773 714 846 homines
732 792 849 850 rectam
867 789 931 862 nur
944 791 1109 842 maturam
1132 791 1267 856 mortem

135 904 139 913 =
176 861 342 969 oppetant.
387 865 562 930 Caeterum
576 861 672 953 probi
688 876 719 930 et
735 860 920 928 obedientes
938 857 1199 928 benedictionem
1218 885 1269 926 ac-

32 963 33 970 ’
119 951 139 982 '·
176 951 322 1043 crpiunt,
345 945 427 1017 utin
442 944 545 1014 multa
561 963 632 1016 tran
645 957 647 960 '
659 943 796 1012 uillitate
810 945 895 1014 belle
916 960 948 1012 et
961 943 1102 1012 molliter
1117 969 1270 1012 consene-

175 1051 284 1116 scant,
308 1048 450 1122 aenatos
465 1046 615 1100 natorum
636 972 692 1116 lut
714 1054 812 1122 supra
835 1029 956 1096 dictum
981 1034 1042 1115 est)
1064 1029 1216 1113 videant,
1240 1028 1269 1097 iu

175 1120 303 1190 tertiam
322 1135 352 1186 et
365 1132 514 1212 quartam
525 1114 775 1204 generationem
791 1141 892 1208 usque
908 1131 1103 1207 procreatos.

97 1261 100 1272 ,
176 1253 205 1290 Ι.
257 1208 328 1290 Hoc
339 1202 448 1294 ipsum
466 1198 698 1293 experimentis,
709 1223 841 1352 quopue
858 1198 1029 1279 discimus,
1056 1215 1111 1284 ut,
1135 1197 1196 1267 ubi
1212 1195 1269 1266 ho-

174 1304 284 1369 nestae
299 1304 331 1356 et
344 1300 487 1366 vetustae
501 1301 578 1352 sunt
588 1283 750 1364 familiae,
799 1284 897 1350 ivitiis
914 1301 946 1350 et
959 1282 1137 1352 liberorum
1154 1309 1268 1355 nume-

82 1425 84 1432 ι
174 1398 249 1444 rosa
266 1366 384 1442 lsobole
402 1364 628 1450 abundantes,
665 1366 781 1462 procul
807 1368 907 1437 dnbio
933 1367 1269 1438 i'ndeincrementum

173 1455 430 1550 ,longaquadam
469 1453 679 1546 reparatione
702 1452 904 1544 acceperint,
936 1454 1025 1555 quod
1048 1453 1186 1524 illorum
1213 1452 1269 1522 ali-

172 1560 254 1636 quot
278 1558 387 1612 sancte
414 1479 703 1630 edueatifueriut,
727 1537 860 1630 suisquse
884 1537 1064 1630 nrnloribus
1085 1556 1269 1608 reverenter

170 1623 431 1698 auscultaverint.
474 1627 618 1690 Rursum
645 1622 684 1688 de
708 1620 821 1716 impiis
843 1623 888 1690 ita
913 1627 947 1690 in
965 1623 1064 1710 saeris
1079 1621 1184 1692 literis
1201 1649 1270 1692 rne-

170 1709 295 1792 moria'e
311 1708 475 1803 proditum
492 1705 650 1797 legimus,
671 1704 796 1777 Psalm.
812 1709 914 1776 CIX.:
945 1711 1087 1798 Nepotes
1109 1711 1181 1802 ejus
1199 1733 1269 1778 era-

139 1797 381 1876 dicabuntur,
412 1793 446 1860 in
469 1789 677 1882 generatione
706 1789 808 1860 altera
833 1790 979 1863 deleatur
1000 1815 1119 1876 nomen
1144 1819 1271 1870 eorum.

169 1879 224 1960 Sit
239 1904 318 1968 ergo
340 1877 399 1946 tibi
422 1875 524 1946 semel
546 1879 649 1968 atque
671 1878 751 1946 adeo
775 1877 894 1954 dictum
920 1877 1021 1962 serio,
1045 1877 1166 1970 quanti.
1181 1883 1271 1946 Deus

150 1981 153 1995 '
168 1963 267 2044 iaciat
281 1961 515 2050 obedientiam,
542 1987 614 2030 curn
632 1959 684 2032 illi
700 1973 824 2030 tantum
841 1961 979 2043 tribuat,
1006 1978 1133 2030 tantum
1151 1989 1190 2031 ea
1213 1963 1269 2031 de-

170 2045 322 2130 lectetur,
343 2064 379 2115 ut
394 2049 467 2138 ejus'
479 2045 736 2114 observationem
751 2043 961 2138 amplissimis
981 2047 1135 2143 praemiis
1156 2075 1269 2117 remu-

135 2204 136 2212 ,
168 2149 331 2224 pereunt
356 2157 468 2207 rursus
494 2147 748 2222 transgressores
773 2131 886 2200 acerbe
909 2149 939 2199 et
964 2131 1269 2204 immisericorditer

193 2217 294 2287 uniat.
336 2221 423 2285 Haec
435 2213 546 2286 omnia
565 2241 603 2304 eo
619 2239 638 2286 a
654 2242 706 2285 me
721 2215 883 2296 dicuntur,
907 2233 944 2284 ut
959 2217 1019 2284 ista
1036 2217 1149 2308 pueris
1167 2223 1269 2288 sedu-

162 2243 203 2376 lo
217 2299 425 2372 inculcentur.
467 2304 572 2372 Nemo
585 2301 671 2368 euim
686 2299 783 2370 facile
799 2301 910 2382 eredit,
934 2325 1032 2393 quam
1046 2301 1268 2372 necessarium

167 2389 211 2458 sit
232 2387 294 2458 hoc
308 2401 532 2481 praeceptum,
555 2383 709 2454 hactenus
726 2401 835 2452 tamen
858 2385 1045 2480 iuPapatu
1068 2413 1137 2476 non
1155 2391 1269 2482 magni

88 2501 92 2512 “
167 2471 393 2553 aestimatum,
414 2497 453 2540 ae
465 2497 505 2539 ue
520 2469 677 2538 traditum
696 2470 825 2564 quidem
845 2475 1000 2564 unquam.
1029 2475 1116 2538 Sunt
1131 2475 1269 2565 quidem

140 2615 143 2628 .
167 2556 267 2628 verba
285 2554 432 2648 vulgaria
448 2573 479 2626 et
487 2554 615 2646 inpilia,
637 2579 719 2648 quae
735 2581 831 2638 nemo
848 2572 998 2638 nonanto
1013 2553 1198 2650 sibiprobe
1218 2585 1268 2629 co-

158 2623 259 2731 ³gnita
273 2665 342 2708 esse
357 2639 532 2720 existimat,
556 2653 591 2706 et
604 2637 683 2706 haec'
709 2637 779 2732 ipsa
796 2636 982 2724 causaest,
1015 2667 1073 2708 rur
1095 2658 1268 2740 tantopere

166 2722 391 2816 negligantur,
415 2723 515 2806 adeo,
538 2738 574 2792 ut
582 2722 629 2789 ad
643 2720 707 2792 alia
721 2723 857 2792 nimium
877 2725 1001 2794 curiose
1018 2725 1132 2816 intenti
1150 2727 1266 2813 simus,

165 2807 354 2901 ignorantes
369 2807 516 2890 iuterim,
538 2832 644 2899 neque
659 2805 841 2886 credentes,
865 2824 931 2877 tam
946 2810 1076 2878 accendi
1092 2827 1123 2888 et
1139 2839 1266 2906 proro-

165 2893 232 2966 cari
244 2895 327 2978 iram
344 2893 407 2962 Dei
419 2893 517 2982 hujus
531 2889 692 2988 praecepti
707 2908 870 2962 contemtu
888 2911 919 2962 et
931 2893 1125 2984 neglirentia
1138 2917 1266 2982 nostra,

154 2995 198 3053 ‘et
211 2975 353 3053 vicissim
366 2977 551 3048 obedientia
565 2978 644 3068 ejus¹
652 2977 818 3072 praecepti
841 2994 907 3047 tam
929 3005 1006 3072 prae
1020 3010 1025 3021 ·
1037 3005 1094 3066 ara
1115 2998 1150 3051 et
1170 3003 1265 3074 grata

164 3088 263 3158 opera
282 3062 334 3154 illi
346 3063 515 3168 praestpri.
678 3147 680 3154 Ι
753 3139 756 3148 ,
788 3141 792 3150 ,
985 3115 986 3122 ,

56 3202 59 3213 .
90 3157 92 3162 ’
238 3154 286 3236 ¹ln
298 3147 395 3239 buJus
409 3145 574 3242 praecepti
584 3143 813 3242 explanatione
828 3171 936 3242 neque
953 3147 1037 3227 illud
1053 3149 1191 3220 tacitum
1210 3171 1266 3224 aut

86 3271 89 3298 ι
163 3231 293 3334 silentio
311 3233 582 3331 praetereundum
597 3248 661 3313 est,
694 3233 782 3325 quod
804 3234 846 3300 ad
867 3231 1081 3328 multiplicem
1104 3237 1265 3316 obedien-

163 3333 245 3406 tiam
259 3318 621 3410 superiorumattrnet,
648 3341 763 3410 nempe
784 3343 914 3400 eorum,
954 3319 1011 3412 qui
1031 3339 1205 3406 versantur
1230 3326 1264 3393 in

164 3400 318 3498 imperio,
340 3419 371 3488 et
386 3401 586 3496 reipublicae
601 3399 858 3496 procurationem
872 3402 1041 3472 sustinent.
1086 3407 1264 3498 Siquidem

204 3219 207 3229 v

23 3513 25 3517 ·
60 3565 61 3570 γ
146 3514 182 3556 .e
223 3503 369 3585 arentum
392 3502 549 3580 potestate
571 3504 688 3564 omnes,
705 3486 789 3555 aliae
809 3501 1036 3580 propagantur
1056 3506 1088 3558 et
1111 3513 1262 3564 manant.

68 3591 74 3600 ·
126 3610 128 3618 ·
218 3571 332 3640 i'enrm
348 3593 465 3664 parens
489 3568 611 3669 aliquis
630 3567 734 3638 lilium
751 3569 904 3640 rebellem
922 3587 953 3640 et
967 3573 995 3639 ‘d
1018 3574 1143 3644 sculum
1166 3579 1259 3648 solus

79 3671 106 3718 ‚¹
163 3655 299 3726 educare
313 3653 446 3747 nequit,
464 3680 517 3722 rna
541 3671 655 3734 istrum
675 3655 857 3746 adjutorem
872 3655 967 3726 sibia
1015 3657 1096 3740 ibet,
1123 3664 1187 3754 ipri
1214 3664 1281 3731 li-⁴

111 3776 112 3784 κ
162 3739 240 3808 teris
256 3764 292 3809 ac
308 3739 385 3808 disci
411 3737 484 3806 linis
500 3681 690 3832 liberalibus
707 3738 977 3834 pueri'ferociam„
990 3741 1117 3811 molliat
1139 3771 1176 3815 ac
1191 3751 1260 3815 mi-

162 3822 254 3919 tiget.
300 3766 442 3910 Quodsi
458 3822 556 3894 bu'us
573 3848 701 3920 quoque
719 3849 815 3918 opera
836 3827 876 3894 ad
901 3825 1137 3897 retundendam
1159 3831 1258 3902 fero-

133 3911 137 3922 ’
161 3905 274 4000 cientis
297 3905 419 3995 ingenii
447 3851 629 3996 barbariem
652 3909 767 4000 parum
788 3907 888 3978 fuerit
909 3909 1022 3987 efficax
1045 3929 1103 3982 aut
1126 3916 1256 4002 valida,

142 3992 311 4086 ,adjungit
324 3989 387 4080 sibi
400 3992 498 4062 vicini
513 3993 683 4068 auxilium.
737 3993 837 4080 Quod
860 3993 888 4062 si
905 3994 990 4064 diem
1009 4021 1103 4065 suurn
1122 3999 1254 4084 obierit,

86 4095 89 4102 ’
135 4135 140 4152 ,
161 4077 423 4164 commendatae
445 4077 541 4149 tradit
564 4075 670 4176 blium
693 4077 898 4149 educandum
921 4081 1169 4172 magistratibus
1193 4103 1254 4153 aut

160 4163 322 4236 tutoribus
338 4162 380 4230 ad
396 4161 458 4232 hoc
473 4162 681 4233 constitutis.''
1015 4213 1018 4222 ‚

207 4249 294 4337 JAd
322 4245 417 4334 baec,
460 4249 502 4318 ad
522 4248 569 4318 rei
601 4245 775 4318 familiaris
808 4247 1122 4324 administrationem
1147 4253 1252 4324 servis
